2776 4692
252 239 331 308 ιιι
445 217 645 306 'ruscum
676 233 1092 322 ιιιιιιιιιιιοιιυιι
1139 193 1141 200 ¹

186 415 193 430 ’
246 419 335 489 inter.
348 434 407 482 eos
422 409 610 514 etreltqnos
623 396 827 488 interemat.-
826 418 924 496 §.ta
948 411 1174 504 Pythagoram
1182 425 1297 484 autem

240 518 473 608 respondisse:
494 501 634 584 similem
650 507 716 590 sibi
730 515 834 612 videri
851 519 951 612 vitam
971 514 1136 608 heminam
1155 527 1202 588 et'
1207 541 1297 614 mer·

161 651 166 662 ·
243 635 469 719 catumeum,
508 619 564 708 qui
588 615 763 686 haberetur
787 605 943 697 maxumo
964 617 1113 689 ludorum
1132 605 1294 710 apparatu

159 725 166 789 ζ
242 731 348 812 ‚totius
362 709 519 792 Graeciae
539 715 738 789 celebritate.
789 741 866 788 uam
886 736 923 788 ut
944 717 1014 792 illic
1030 723 1087 792 alii
1102 715 1295 810 corporibus

248 830 434 898 exercitatis
455 822 594 914 gloriam
614 836 647 894 at
660 820 865 928 nobilitatem
883 847 1024 894 coronas
1046 840 1211 914 petereut3
1233 828 1294 897 alii

247 933 377 1004 amendi
398 943 453 996 aut
475 927 636 996 vendendi
656 917 794 1018 quaestu
814 941 847 994 et
863 925 954 995 lucro
973 929 1183 1008 ducerentun
1204 947 1295 998 esset

204 1023 224 1126 Ἰ
240 1052 355 1122 ,autem
371 1034 531 1124 quoddam
541 1049 647 1122 genus
656 1053 767 1100 eorum
775 1031 871 1121 idque
879 1025 932 1098 vel
941 1036 1291 1122 ntsxurneingentrum,

71 1183 74 1190 ,
174 1215 182 1238 x
240 1143 303 1235 ²qui
316 1161 376 1215 nec
391 1137 541 1224 plausum
554 1157 616 1212 nec
627 1133 754 1204 lucrum
767 1150 971 1258 quaererent,
984 1139 1041 1204 sed
1056 1139 1182 1206 visendi
1196 1161 1293 1206 caus·

223 1245 225 1250 ’
247 1268 289 1312 ιιι
309 1245 455 1311 venirent
478 1239 683 1344 studioseque
703 1235 939 1327 perspicerent,
978 1241 1056 1331 quid
1083 1258 1237 1340 ageretur
1257 1257 1291 1310 et

247 1369 310 1439 quo
327 1347 442 1418 modat
468 1336 552 1409 item
567 1363 627 1426 nos
642 1345 736 1432 quasi
749 1344 784 1408 in
797 1358 957 1410 mercatus
974 1346 1136 1439 quandam
1152 1331 1290 1413 celebri-

165 1531 168 1540 ,
247 1466 348 1518 tatem
362 1471 408 1516 ex
422 1444 502 1512 urba
517 1444 647 1535 aliqua,
672 1447 722 1511 sic
740 1445 775 1510 in
793 1433 878 1512 hauc
893 1448 993 1512 vitam
1014 1469 1060 1514 ex
1079 1447 1148 1516 alia
1166 1451 1238 1516 uita
1257 1464 1290 1518 at
1371 1523 1373 1528 ,

237 1557 362 1640 Jnatura
386 1552 568 1642 profectos,
591 1548 675 1616 alios
694 1546 821 1638 gloriae
838 1553 979 1633 servire,
1004 1549 1089 1618 alios
1112 1557 1288 1639 pecuniae:

246 1679 340 1726 raros
356 1677 429 1722 esse
443 1654 612 1740 quosdam,
637 1654 692 1740 qui
705 1654 821 1719 ceteris
836 1649 988 1720 omnibus
1003 1652 1181 1743 pronihilo
1196 1654 1290 1724 habi·

157 1819 159 1826 ,
187 1761 190 1770 ’
241 1765 291 1846 ιιι
307 1745 414 1827 rerum
430 1771 576 1850 naturam
591 1756 736 1822 studiosa
748 1757 969 1835 intuerentur3
991 1757 1052 1824 hos
1069 1778 1106 1825 se
1123 1757 1288 1854 appellare

248 1864 429 1950 sapientiae
447 1860 627 1942 studiosos,
638 1873 640 1890 ·
653 1858 686 1924 id
700 1870 750 1925 est
766 1861 852 1926 enim
868 1857 1097 1949 philosophos:
1119 1877 1152 1930 et
1168 1876 1204 1928 ut
1217 1863 1289 1930 illic

246 1966 523 2052 liberalissumum
538 1976 627 2027 esset
640 1975 786 2050 spectare
804 1961 885 2028 nihil
899 1962 962 2030 sibi
976 1967 1213 2052 acquirentem,
1225 2033 1228 2044 ,
1240 1971 1288 2034 sio

131 2101 133 2106 ·
246 2075 282 2138 in
298 2074 363 2137 vita
375 2065 473 2154 longa
489 2063 640 2132 omnibus
662 2067 776 2134 studiis
795 2066 1098 2158 contemplationem
1111 2091 1218 2140 rerum
1234 2093 1289 2140 co·

244 2155 680 2270 guitiouemquepraes'tare.

351 2365 502 2446 ChaalV.
516 2378 547 2461 1.
559 2361 622 2443 10.
642 2369 713 2444 Nec
725 2395 803 2442 vcro
813 2372 1013 2466 Pythagoras
1026 2377 1167 2445 nominis
1179 2373 1285 2446 solum

139 2491 147 2502 “
248 2475 406 2562 inventor,
421 2478 712 2551 sedrerumetiam
725 2481 868 2568 ipsarum
886 2478 1102 2568 amplificator
1114 2484 1185 2550 luit.
1219 2481 1286 2561 Qui
1371 2507 1372 2557 ι

250 2599 410 2674 cumpost
429 2583 513 2650 hunc
527 2579 706 2648 Phliasium
725 2603 905 2650 sermonem
926 2587 962 2650 in
976 2579 1105 2662 Italiam
1127 2588 1283 2670 venisset,

225 2733 230 2743 ι
249 2690 423 2758 exornavit
443 2707 515 2752 eam
529 2683 720 2767 Graeciam,
744 2707 828 2776 quae
839 2707 958 2774 ruagoa
972 2688 1057 2754 dicta
1074 2701 1144 2770 est,
1172 2701 1204 2754 et
1219 2694 1287 2778 pri·
1370 2703 1371 2787 q

247 2795 348 2862 vatim
366 2805 400 2857 et
422 2785 549 2879 publice
570 2789 869 2874 praestantissumis
884 2802 918 2855 et
929 2791 1085 2858 institutis
1101 2803 1134 2858 at
1148 2793 1283 2860 artibus.
1369 2829 1370 2837 ι

249 2899 341 2964 cuius
365 2895 406 2960 de
426 2891 597 2980 disciplina
619 2888 709 2957 aliud
730 2905 854 2979 tempus
872 2894 969 2962 luerit
989 2894 1128 2960 fortasse
1144 2893 1286 2964 dicendi.

243 2994 315 3068 Sed
335 2994 377 3064 ab
398 2999 539 3090 antiqua
547 2989 757 3082 philosophia
774 3016 877 3082 usqua
892 2997 933 3063 ad
946 2997 1131 3076 Socratem,
1156 3022 1227 3094 qur
1201 2999 1286 3066 '·Ar

249 3093 399 3172 chelanm
410 3097 632 3200 Anaxagorae
645 3094 835 3192 discipulum
850 3099 1013 3197 audierat,
1026 3103 1153 3168 nurneri
1166 3118 1287 3171 motus·
1368 3121 1369 3180 1

249 3228 310 3296 qua
325 3191 578 3286 tractabantur,
588 3215 620 3267 et
639 3202 726 3266 nuda
746 3199 854 3266 omnia
869 3191 1027 3270 orirentur
1046 3226 1148 3292 quava
1162 3208 1310 3278 recide·

249 3323 337 3375 taut.
355 3306 559 3410 studiosaque
574 3299 615 3369 ab
630 3300 683 3368 his
695 3299 838 3380 siderum
845 3307 1284 3400 magnitudmeaintervalla,
1367 3389 1368 3400 χ

244 3431 363 3484 cursus
386 3397 636 3496 anquirebantur
655 3420 688 3473 et
703 3406 817 3474 cuncta
830 3406 1002 3480 caelestia.
1050 3408 1204 3482 Socrates
1228 3435 1285 3484 su·
1367 3421 1368 3475 l

74 3579 80 3598 ,
203 3538 206 3544 ·
250 3529 316 3608 tem
332 3508 455 3601 primus
470 3504 711 3597 philosophiam
727 3509 897 3577 devocavit
910 3533 929 3576 a
944 3509 1035 3579 caelo
1052 3528 1084 3580 et
1097 3518 1133 3580 iu
1147 3509 1283 3584 urbibus

250 3597 422 3694 collocavit
442 3628 475 3681 et
497 3608 531 3677 in
550 3607 669 3678 domos
689 3615 787 3679 etiam
801 3612 979 3684 introduxit
993 3630 1025 3684 et
1037 3614 1145 3706 coegit
1157 3618 1199 3687 da
1216 3624 1284 3688 vita
1366 3633 1367 3703 ι

251 3732 285 3786 et
306 3716 451 3786 moribus
458 3710 629 3802 rebusque
651 3710 747 3781 bouis
769 3699 802 3781 et
829 3711 924 3782 malis
950 3739 1114 3806 quaerere.
1165 3731 1199 3812 q.
1226 3731 1284 3792 ll.

251 3817 352 3890 Cuius
380 3810 552 3906 multiplex
574 3816 658 3884 ratio
681 3816 864 3906 disputandi
885 3838 1054 3926 rarpmqua
1075 3824 1221 3892 varietas
1251 3841 1283 3892 ct
1365 3861 1366 3933 p

207 3975 209 3990 .
249 3923 362 4012 iugem
351 3915 585 4010 magnitudo,
616 3915 762 3988 Platonis
778 3924 936 3990 memoria
962 3938 995 3989 at
1023 3923 1141 3994 litteris
1169 3951 1283 3996 conas·

251 4041 359 4108 crata,
389 4023 484 4112 plura
514 4043 636 4112 genera
662 4019 769 4091 effecit
789 4024 1043 4092 ffissautiantium
1069 4025 1283 4121 philosopho·

160 4212 163 4224 ,
250 4138 334 4197 rum.
384 4123 412 4219 E
445 4117 594 4215 quibua
585 4145 646 4191 nos
671 4123 705 4190 id
728 4125 941 4214 potissumum
968 4136 1131 4198 consecuti
1158 4156 1280 4215 sumus,
1363 4211 1364 4224 p

249 4252 314 4324 quo
334 4207 502 4358 Socratem
509 4249 623 4317 usurp
626 4226 892 4364 arbitrabamur,
916 4245 953 4298 ιιι
972 4239 1142 4362 nostram
1130 4239 1195 4328 apsi
1211 4261 1283 4308 ren

326 4327 345 4398 i
