<?xml version="1.0" encoding="UTF-8"?>
<!DOCTYPE html PUBLIC "-//W3C//DTD XHTML 1.0 Transitional//EN"
    "http://www.w3.org/TR/xhtml1/DTD/xhtml1-transitional.dtd">
<html xmlns="http://www.w3.org/1999/xhtml" xml:lang="en" lang="en">
 <head>
  <title>
</title>
<meta http-equiv="Content-Type" content="text/html;charset=utf-8" />
  <meta name='ocr-system' content='tesseract 3.04.00' />
  <meta name='ocr-capabilities' content='ocr_page ocr_carea ocr_par ocr_line ocrx_word'/>
</head>
<body>
  <div class='ocr_page' id='page_1' title='image "./disputationestu00klotgoog/disputationestu00klotgoog_0039.png"; bbox 0 0 2808 4694; ppageno 0'>
   <div class='ocr_carea' id='block_1_1' title="bbox 220 243 1217 333">
    <p class='ocr_par' dir='ltr' id='par_1_1' title="bbox 5 211 1217 333">
     <span class='ocr_line' id='line_1_1' title="bbox 220 243 1217 333; baseline 0.029 -26.791"><span class='ocrx_word' id='word_1_1' title='bbox 220 253 276 324; x_wconf 72' lang='grc' dir='ltr'><strong>ιι</strong></span> <span class='ocrx_word' id='word_1_2' title='bbox 420 243 622 325; x_wconf 80' lang='grc' dir='ltr'><strong>ιιιιιιιι</strong></span> <span class='ocrx_word' id='word_1_3' title='bbox 659 259 1077 333; x_wconf 78' lang='lat' dir='ltr'><strong>oraauuautouuut</strong></span> <span class='ocrx_word' id='word_1_4' title='bbox 1209 259 1217 273; x_wconf 86' lang='grc'><em>·</em></span> 
     </span>
    </p>
   </div>
   <div class='ocr_carea' id='block_1_2' title="bbox 152 385 1360 932">
    <p class='ocr_par' dir='ltr' id='par_1_2' title="bbox 152 385 1360 932">
     <span class='ocr_line' id='line_1_2' title="bbox 222 385 1273 536; baseline 0 -35"><span class='ocrx_word' id='word_1_5' title='bbox 222 453 342 502; x_wconf 86' lang='lat' dir='ltr'><strong>vucana</strong></span> <span class='ocrx_word' id='word_1_6' title='bbox 363 450 523 518; x_wconf 86' lang='lat' dir='ltr'><strong>corpora,</strong></span> <span class='ocrx_word' id='word_1_7' title='bbox 558 427 766 536; x_wconf 84' lang='lat' dir='ltr'><strong>intellegere</strong></span> <span class='ocrx_word' id='word_1_8' title='bbox 774 443 809 500; x_wconf 85' lang='lat' dir='ltr'><strong>et</strong></span> <span class='ocrx_word' id='word_1_9' title='bbox 832 431 1034 522; x_wconf 75' lang='lat' dir='ltr'><strong>cogitatione</strong></span> <span class='ocrx_word' id='word_1_10' title='bbox 1059 385 1273 522; x_wconf 82' lang='lat' dir='ltr'><strong>cumprehen-</strong></span> 
     </span>
     <span class='ocr_line' id='line_1_3' title="bbox 152 521 1360 624; baseline 0.001 -22"><span class='ocrx_word' id='word_1_11' title='bbox 152 529 154 536; x_wconf 52' lang='lat'><em>&#39;</em></span> <span class='ocrx_word' id='word_1_12' title='bbox 222 537 311 602; x_wconf 85' lang='lat' dir='ltr'><strong>dere.</strong></span> <span class='ocrx_word' id='word_1_13' title='bbox 347 532 451 613; x_wconf 77' lang='lat' dir='ltr'><strong>Quasi</strong></span> <span class='ocrx_word' id='word_1_14' title='bbox 466 550 543 602; x_wconf 85' lang='lat' dir='ltr'><strong>vero</strong></span> <span class='ocrx_word' id='word_1_15' title='bbox 557 521 769 624; x_wconf 78' lang='lat' dir='ltr'><strong>intellegant,</strong></span> <span class='ocrx_word' id='word_1_16' title='bbox 792 533 900 622; x_wconf 78' lang='lat' dir='ltr'><strong>quella</strong></span> <span class='ocrx_word' id='word_1_17' title='bbox 920 537 965 604; x_wconf 79' lang='lat' dir='ltr'><strong>alt</strong></span> <span class='ocrx_word' id='word_1_18' title='bbox 978 536 1014 604; x_wconf 83' lang='lat' dir='ltr'><strong>lu</strong></span> <span class='ocrx_word' id='word_1_19' title='bbox 1032 539 1105 623; x_wconf 85' lang='lat' dir='ltr'><strong>ipae</strong></span> <span class='ocrx_word' id='word_1_20' title='bbox 1123 555 1273 624; x_wconf 73' lang='lat' dir='ltr'><strong>corpure,</strong></span> <span class='ocrx_word' id='word_1_21' title='bbox 1356 541 1360 546; x_wconf 81' lang='grc'><strong>’</strong></span> 
     </span>
     <span class='ocr_line' id='line_1_4' title="bbox 223 638 1274 764; baseline 0.004 -60"><span class='ocrx_word' id='word_1_22' title='bbox 223 639 308 762; x_wconf 92' lang='lat' dir='ltr'><strong>q&#39;uae</strong></span> <span class='ocrx_word' id='word_1_23' title='bbox 331 640 563 718; x_wconf 66' lang='lat' dir='ltr'><strong>conformatio,</strong></span> <span class='ocrx_word' id='word_1_24' title='bbox 589 657 674 724; x_wconf 89' lang='lat' dir='ltr'><strong>quae</strong></span> <span class='ocrx_word' id='word_1_25' title='bbox 695 639 905 726; x_wconf 80' lang='lat' dir='ltr'><strong>magnitudo,</strong></span> <span class='ocrx_word' id='word_1_26' title='bbox 937 641 994 764; x_wconf 88' lang='lat' dir='ltr'><strong>qui</strong></span> <span class='ocrx_word' id='word_1_27' title='bbox 1015 638 1124 717; x_wconf 82' lang='lat' dir='ltr'><strong>locua3</strong></span> <span class='ocrx_word' id='word_1_28' title='bbox 1155 651 1210 726; x_wconf 86' lang='lat' dir='ltr'><strong>ut,</strong></span> <span class='ocrx_word' id='word_1_29' title='bbox 1223 639 1274 708; x_wconf 84' lang='lat' dir='ltr'><strong>ai</strong></span> 
     </span>
     <span class='ocr_line' id='line_1_5' title="bbox 201 739 1275 834; baseline 0 -26"><span class='ocrx_word' id='word_1_30' title='bbox 201 745 290 809; x_wconf 80' lang='lat' dir='ltr'><strong>&#39;iam</strong></span> <span class='ocrx_word' id='word_1_31' title='bbox 279 756 447 831; x_wconf 62' lang='lat' dir='ltr'><strong>:possent</strong></span> <span class='ocrx_word' id='word_1_32' title='bbox 467 743 500 806; x_wconf 92' lang='lat' dir='ltr'><strong>in</strong></span> <span class='ocrx_word' id='word_1_33' title='bbox 521 739 654 806; x_wconf 84' lang='lat' dir='ltr'><strong>homine</strong></span> <span class='ocrx_word' id='word_1_34' title='bbox 675 761 754 808; x_wconf 95' lang='lat' dir='ltr'><strong>uno</strong></span> <span class='ocrx_word' id='word_1_35' title='bbox 763 744 990 820; x_wconf 88' lang='lat' dir='ltr'><strong>ccmiomnia‚</strong></span> <span class='ocrx_word' id='word_1_36' title='bbox 1015 764 1116 834; x_wconf 89' lang='lat' dir='ltr'><strong>quae</strong></span> <span class='ocrx_word' id='word_1_37' title='bbox 1117 764 1202 812; x_wconf 89' lang='lat' dir='ltr'><strong>nunu</strong></span> <span class='ocrx_word' id='word_1_38' title='bbox 1222 753 1275 809; x_wconf 85' lang='lat' dir='ltr'><strong>te·&#39;.</strong></span> 
     </span>
     <span class='ocr_line' id='line_1_6' title="bbox 224 841 1273 932; baseline -0.001 -18"><span class='ocrx_word' id='word_1_39' title='bbox 224 861 278 914; x_wconf 84' lang='lat' dir='ltr'><strong>cta</strong></span> <span class='ocrx_word' id='word_1_40' title='bbox 299 841 392 928; x_wconf 76' lang='lat' dir='ltr'><strong>eunt,</strong></span> <span class='ocrx_word' id='word_1_41' title='bbox 420 865 593 913; x_wconf 75' lang='lat' dir='ltr'>casurusne</span> <span class='ocrx_word' id='word_1_42' title='bbox 616 845 874 932; x_wconf 77' lang='lat' dir='ltr'><strong>inconspectum</strong></span> <span class='ocrx_word' id='word_1_43' title='bbox 890 847 1040 916; x_wconf 84' lang='lat' dir='ltr'><strong>videatur</strong></span> <span class='ocrx_word' id='word_1_44' title='bbox 1059 849 1273 930; x_wconf 80' lang='lat' dir='ltr'><strong>auimua,an</strong></span> 
     </span>
    </p>
   </div>
   <div class='ocr_carea' id='block_1_3' title="bbox 111 949 1273 1036">
    <p class='ocr_par' dir='ltr' id='par_1_3' title="bbox 111 949 1273 1036">
     <span class='ocr_line' id='line_1_7' title="bbox 111 949 1273 1036; baseline 0 -20"><span class='ocrx_word' id='word_1_45' title='bbox 111 1021 116 1032; x_wconf 56' lang='grc'><em>,</em></span> <span class='ocrx_word' id='word_1_46' title='bbox 224 953 316 1016; x_wconf 88' lang='lat' dir='ltr'><strong>t&#39;anta</strong></span> <span class='ocrx_word' id='word_1_47' title='bbox 332 949 787 1036; x_wconf 69' lang='lat' dir='ltr'><strong>aiteiuatenuitaeutfugiat</strong></span> <span class='ocrx_word' id='word_1_48' title='bbox 803 953 915 1016; x_wconf 86' lang='lat' dir='ltr'><strong>aciem.</strong></span> <span class='ocrx_word' id='word_1_49' title='bbox 961 953 1070 1032; x_wconf 47' lang='lat' dir='ltr'><strong>§.met</strong></span> <span class='ocrx_word' id='word_1_50' title='bbox 1106 949 1201 1017; x_wconf 88' lang='lat' dir='ltr'><strong>Hace</strong></span> <span class='ocrx_word' id='word_1_51' title='bbox 1218 971 1273 1016; x_wconf 87' lang='lat' dir='ltr'><strong>re·</strong></span> 
     </span>
    </p>
   </div>
   <div class='ocr_carea' id='block_1_4' title="bbox 223 1045 1288 1142">
    <p class='ocr_par' dir='ltr' id='par_1_4' title="bbox 223 1045 1288 1142">
     <span class='ocr_line' id='line_1_8' title="bbox 223 1045 1288 1142; baseline 0.002 -24"><span class='ocrx_word' id='word_1_52' title='bbox 223 1067 339 1142; x_wconf 88' lang='lat' dir='ltr'><strong>putent</strong></span> <span class='ocrx_word' id='word_1_53' title='bbox 359 1045 430 1135; x_wconf 75' lang='lat' dir='ltr'><strong>iuti,</strong></span> <span class='ocrx_word' id='word_1_54' title='bbox 455 1053 510 1140; x_wconf 91' lang='lat' dir='ltr'><strong>qui</strong></span> <span class='ocrx_word' id='word_1_55' title='bbox 528 1066 666 1140; x_wconf 87' lang='lat' dir='ltr'><strong>negant,</strong></span> <span class='ocrx_word' id='word_1_56' title='bbox 693 1055 836 1119; x_wconf 91' lang='lat' dir='ltr'><strong>animum</strong></span> <span class='ocrx_word' id='word_1_57' title='bbox 849 1057 919 1120; x_wconf 88' lang='lat' dir='ltr'><strong>aine</strong></span> <span class='ocrx_word' id='word_1_58' title='bbox 935 1075 1069 1141; x_wconf 84' lang='lat' dir='ltr'><strong>corpore</strong></span> <span class='ocrx_word' id='word_1_59' title='bbox 1091 1071 1128 1122; x_wconf 80' lang='lat' dir='ltr'><strong>ae</strong></span> <span class='ocrx_word' id='word_1_60' title='bbox 1142 1047 1288 1139; x_wconf 54' lang='lat' dir='ltr'><strong>intelle-⁴</strong></span> 
     </span>
    </p>
   </div>
   <div class='ocr_carea' id='block_1_5' title="bbox 104 1147 1276 1349">
    <p class='ocr_par' dir='ltr' id='par_1_5' title="bbox 104 1147 1397 1349">
     <span class='ocr_line' id='line_1_9' title="bbox 168 1147 1273 1278; baseline 0.002 -56"><span class='ocrx_word' id='word_1_61' title='bbox 168 1157 169 1162; x_wconf 70' lang='grc'>’</span> <span class='ocrx_word' id='word_1_62' title='bbox 223 1177 303 1245; x_wconf 81' lang='lat' dir='ltr'><strong>gere</strong></span> <span class='ocrx_word' id='word_1_63' title='bbox 319 1177 433 1244; x_wconf 82' lang='lat' dir='ltr'><strong>peace:</strong></span> <span class='ocrx_word' id='word_1_64' title='bbox 460 1152 632 1260; x_wconf 83' lang='lat' dir='ltr'><strong>videbunt,</strong></span> <span class='ocrx_word' id='word_1_65' title='bbox 656 1177 757 1278; x_wconf 80' lang='lat' dir='ltr'><strong>quem</strong></span> <span class='ocrx_word' id='word_1_66' title='bbox 772 1160 808 1222; x_wconf 91' lang='lat' dir='ltr'><strong>iu</strong></span> <span class='ocrx_word' id='word_1_67' title='bbox 825 1159 899 1245; x_wconf 81' lang='lat' dir='ltr'><strong>ipso</strong></span> <span class='ocrx_word' id='word_1_68' title='bbox 918 1147 1054 1246; x_wconf 84' lang='lat' dir='ltr'><strong>corpore</strong></span> <span class='ocrx_word' id='word_1_69' title='bbox 1068 1155 1273 1246; x_wconf 75' lang='lat' dir='ltr'>intellegant.</span> 
     </span>
     <span class='ocr_line' id='line_1_10' title="bbox 104 1250 1276 1349; baseline 0.002 -23"><span class='ocrx_word' id='word_1_70' title='bbox 104 1277 109 1296; x_wconf 89' lang='lat'>&#39;</span> <span class='ocrx_word' id='word_1_71' title='bbox 221 1250 307 1326; x_wconf 84' lang='lat' dir='ltr'><strong>mihi</strong></span> <span class='ocrx_word' id='word_1_72' title='bbox 330 1257 463 1349; x_wconf 91' lang='lat' dir='ltr'><strong>quidem</strong></span> <span class='ocrx_word' id='word_1_73' title='bbox 485 1274 635 1330; x_wconf 86' lang='lat' dir='ltr'><strong>naturam</strong></span> <span class='ocrx_word' id='word_1_74' title='bbox 656 1251 757 1327; x_wconf 88' lang='lat' dir='ltr'><strong>&#39;animi</strong></span> <span class='ocrx_word' id='word_1_75' title='bbox 770 1263 906 1327; x_wconf 84' lang='lat' dir='ltr'><strong>intuenti</strong></span> <span class='ocrx_word' id='word_1_76' title='bbox 922 1257 1024 1328; x_wconf 89' lang='lat' dir='ltr'><strong>multo</strong></span> <span class='ocrx_word' id='word_1_77' title='bbox 1042 1259 1204 1328; x_wconf 85' lang='lat' dir='ltr'><strong>difficilior</strong></span> <span class='ocrx_word' id='word_1_78' title='bbox 1218 1283 1276 1328; x_wconf 92' lang='lat' dir='ltr'><strong>oc·</strong></span> 
     </span>
    </p>
   </div>
   <div class='ocr_carea' id='block_1_6' title="bbox 128 1360 1368 1867">
    <p class='ocr_par' dir='ltr' id='par_1_6' title="bbox 128 1360 1277 1468">
     <span class='ocr_line' id='line_1_11' title="bbox 128 1360 1277 1468; baseline -0.001 -38"><span class='ocrx_word' id='word_1_79' title='bbox 128 1387 133 1394; x_wconf 85' lang='grc'>’</span> <span class='ocrx_word' id='word_1_80' title='bbox 225 1367 323 1430; x_wconf 82' lang='lat' dir='ltr'><strong>currit</strong></span> <span class='ocrx_word' id='word_1_81' title='bbox 338 1363 491 1460; x_wconf 81' lang='lat' dir='ltr'><strong>cogitatio</strong></span> <span class='ocrx_word' id='word_1_82' title='bbox 509 1361 674 1466; x_wconf 74' lang='lat' dir='ltr'><strong>multoque</strong></span> <span class='ocrx_word' id='word_1_83' title='bbox 688 1360 866 1448; x_wconf 83' lang='lat' dir='ltr'><strong>obscurior,</strong></span> <span class='ocrx_word' id='word_1_84' title='bbox 890 1364 1012 1468; x_wconf 79' lang='lat' dir='ltr'><strong>qualia</strong></span> <span class='ocrx_word' id='word_1_85' title='bbox 1011 1368 1138 1432; x_wconf 81' lang='lat' dir='ltr'><strong>animus</strong></span> <span class='ocrx_word' id='word_1_86' title='bbox 1152 1368 1187 1430; x_wconf 93' lang='lat' dir='ltr'><strong>in</strong></span> <span class='ocrx_word' id='word_1_87' title='bbox 1202 1385 1277 1430; x_wconf 87' lang='lat' dir='ltr'><strong>cor·</strong></span> 
     </span>
    </p>

    <p class='ocr_par' dir='ltr' id='par_1_7' title="bbox 144 1465 1368 1867">
     <span class='ocr_line' id='line_1_12' title="bbox 144 1465 1368 1558; baseline 0.004 -28"><span class='ocrx_word' id='word_1_88' title='bbox 144 1523 146 1530; x_wconf 80' lang='grc'>,</span> <span class='ocrx_word' id='word_1_89' title='bbox 222 1475 303 1554; x_wconf 82' lang='lat' dir='ltr'><strong>pore</strong></span> <span class='ocrx_word' id='word_1_90' title='bbox 320 1468 373 1548; x_wconf 87' lang='lat' dir='ltr'><strong>ait,</strong></span> <span class='ocrx_word' id='word_1_91' title='bbox 397 1481 561 1553; x_wconf 86' lang='lat' dir='ltr'><strong>tamquam</strong></span> <span class='ocrx_word' id='word_1_92' title='bbox 578 1465 706 1530; x_wconf 80' lang='lat' dir='ltr'><strong>alienae</strong></span> <span class='ocrx_word' id='word_1_93' title='bbox 723 1467 853 1546; x_wconf 91' lang='lat' dir='ltr'><strong>domui,</strong></span> <span class='ocrx_word' id='word_1_94' title='bbox 877 1489 972 1558; x_wconf 92' lang='lat' dir='ltr'><strong>quam</strong></span> <span class='ocrx_word' id='word_1_95' title='bbox 988 1466 1104 1556; x_wconf 86' lang='lat' dir='ltr'><strong>qualia,</strong></span> <span class='ocrx_word' id='word_1_96' title='bbox 1127 1489 1198 1536; x_wconf 94' lang='lat' dir='ltr'><strong>cum</strong></span> <span class='ocrx_word' id='word_1_97' title='bbox 1212 1489 1277 1534; x_wconf 88' lang='lat' dir='ltr'><strong>ex·</strong></span> <span class='ocrx_word' id='word_1_98' title='bbox 1358 1548 1368 1554; x_wconf 34' lang='grc'>,</span> 
     </span>
     <span class='ocr_line' id='line_1_13' title="bbox 222 1561 1276 1669; baseline 0.003 -34"><span class='ocrx_word' id='word_1_99' title='bbox 222 1571 317 1648; x_wconf 83' lang='lat' dir='ltr'><strong>iecit,</strong></span> <span class='ocrx_word' id='word_1_100' title='bbox 343 1565 376 1635; x_wconf 78' lang='grc' dir='ltr'><strong>ιι</strong></span> <span class='ocrx_word' id='word_1_101' title='bbox 398 1566 594 1636; x_wconf 83' lang='lat' dir='ltr'><strong>inliberrim</strong></span> <span class='ocrx_word' id='word_1_102' title='bbox 616 1561 743 1669; x_wconf 80' lang='lat' dir='ltr'><strong>eaelum</strong></span> <span class='ocrx_word' id='word_1_103' title='bbox 768 1565 860 1658; x_wconf 79' lang='lat' dir='ltr'><strong>quusi</strong></span> <span class='ocrx_word' id='word_1_104' title='bbox 879 1575 1010 1640; x_wconf 92' lang='lat' dir='ltr'><strong>domum</strong></span> <span class='ocrx_word' id='word_1_105' title='bbox 1028 1593 1120 1638; x_wconf 79' lang='lat' dir='ltr'><strong>auam</strong></span> <span class='ocrx_word' id='word_1_106' title='bbox 1137 1574 1276 1638; x_wconf 82' lang='lat' dir='ltr'><strong>venerit.</strong></span> 
     </span>
     <span class='ocr_line' id='line_1_14' title="bbox 223 1661 1277 1764; baseline 0.001 -25"><span class='ocrx_word' id='word_1_107' title='bbox 223 1675 298 1739; x_wconf 81' lang='lat' dir='ltr'><strong>nisi</strong></span> <span class='ocrx_word' id='word_1_108' title='bbox 303 1675 408 1756; x_wconf 87' lang='lat' dir='ltr'><strong>enim,</strong></span> <span class='ocrx_word' id='word_1_109' title='bbox 431 1675 515 1764; x_wconf 91' lang='lat' dir='ltr'><strong>quud</strong></span> <span class='ocrx_word' id='word_1_110' title='bbox 531 1661 704 1762; x_wconf 77' lang='lat' dir='ltr'><strong>nentiquam</strong></span> <span class='ocrx_word' id='word_1_111' title='bbox 719 1675 878 1758; x_wconf 69' lang='lat' dir='ltr'><strong>vidimus,</strong></span> <span class='ocrx_word' id='word_1_112' title='bbox 903 1673 938 1741; x_wconf 89' lang='lat' dir='ltr'><strong>id</strong></span> <span class='ocrx_word' id='word_1_113' title='bbox 953 1673 1049 1764; x_wconf 89' lang='lat' dir='ltr'><strong>quale</strong></span> <span class='ocrx_word' id='word_1_114' title='bbox 1065 1677 1117 1756; x_wconf 86' lang='lat' dir='ltr'><strong>sit,</strong></span> <span class='ocrx_word' id='word_1_115' title='bbox 1141 1672 1277 1741; x_wconf 84' lang='lat' dir='ltr'><strong>intelle-</strong></span> 
     </span>
     <span class='ocr_line' id='line_1_15' title="bbox 174 1769 1278 1867; baseline 0 -25"><span class='ocrx_word' id='word_1_116' title='bbox 174 1788 177 1797; x_wconf 91' lang='lat'>&#39;</span> <span class='ocrx_word' id='word_1_117' title='bbox 221 1780 300 1866; x_wconf 64' lang='lat' dir='ltr'><strong>gere</strong></span> <span class='ocrx_word' id='word_1_118' title='bbox 316 1799 381 1843; x_wconf 91' lang='lat' dir='ltr'><strong>non</strong></span> <span class='ocrx_word' id='word_1_119' title='bbox 394 1769 587 1864; x_wconf 65' lang='lat' dir='ltr'><strong>possumus}</strong></span> <span class='ocrx_word' id='word_1_120' title='bbox 610 1793 696 1845; x_wconf 85' lang='lat' dir='ltr'><strong>certe</strong></span> <span class='ocrx_word' id='word_1_121' title='bbox 714 1791 747 1846; x_wconf 88' lang='lat' dir='ltr'><strong>et</strong></span> <span class='ocrx_word' id='word_1_122' title='bbox 765 1779 887 1846; x_wconf 91' lang='lat' dir='ltr'><strong>deum</strong></span> <span class='ocrx_word' id='word_1_123' title='bbox 876 1801 982 1867; x_wconf 83' lang='lat' dir='ltr'><strong>apsum</strong></span> <span class='ocrx_word' id='word_1_124' title='bbox 1000 1793 1032 1844; x_wconf 91' lang='lat' dir='ltr'><strong>et</strong></span> <span class='ocrx_word' id='word_1_125' title='bbox 1046 1777 1188 1844; x_wconf 89' lang='lat' dir='ltr'><strong>divinum</strong></span> <span class='ocrx_word' id='word_1_126' title='bbox 1204 1779 1278 1844; x_wconf 90' lang='lat' dir='ltr'><strong>ani-</strong></span> 
     </span>
    </p>
   </div>
   <div class='ocr_carea' id='block_1_7' title="bbox 222 1871 1397 1978">
    <p class='ocr_par' dir='ltr' id='par_1_8' title="bbox 222 1871 1397 1978">
     <span class='ocr_line' id='line_1_16' title="bbox 222 1871 1397 1978; baseline 0.002 -32"><span class='ocrx_word' id='word_1_127' title='bbox 222 1903 323 1964; x_wconf 89' lang='lat' dir='ltr'><strong>mum,</strong></span> <span class='ocrx_word' id='word_1_128' title='bbox 339 1888 474 1978; x_wconf 84' lang='lat' dir='ltr'><strong>corpore</strong></span> <span class='ocrx_word' id='word_1_129' title='bbox 489 1871 677 1965; x_wconf 87' lang='lat' dir='ltr'><strong>liberatum,</strong></span> <span class='ocrx_word' id='word_1_130' title='bbox 691 1884 884 1968; x_wconf 71' lang='lat' dir='ltr'><strong>cogitatione</strong></span> <span class='ocrx_word' id='word_1_131' title='bbox 901 1881 1075 1968; x_wconf 77' lang='lat' dir='ltr'><strong>complecti</strong></span> <span class='ocrx_word' id='word_1_132' title='bbox 1089 1903 1279 1968; x_wconf 79' lang='lat' dir='ltr'><strong>poaaumua.</strong></span> <span class='ocrx_word' id='word_1_133' title='bbox 1330 1907 1333 1916; x_wconf 87' lang='lat'><em>·</em></span> <span class='ocrx_word' id='word_1_134' title='bbox 1381 1898 1397 1964; x_wconf 51' lang='grc' dir='ltr'><strong>χ</strong></span> 
     </span>
    </p>
   </div>
   <div class='ocr_carea' id='block_1_8' title="bbox 102 1965 1397 2075">
    <p class='ocr_par' dir='ltr' id='par_1_9' title="bbox 102 1965 1397 2075">
     <span class='ocr_line' id='line_1_17' title="bbox 102 1965 1397 2075; baseline 0.001 -23"><span class='ocrx_word' id='word_1_135' title='bbox 102 1991 105 2000; x_wconf 91' lang='grc'><strong>’</strong></span> <span class='ocrx_word' id='word_1_136' title='bbox 221 1983 442 2052; x_wconf 79' lang='lat' dir='ltr'><strong>Dicaearchus</strong></span> <span class='ocrx_word' id='word_1_137' title='bbox 464 1989 593 2075; x_wconf 86' lang='lat' dir='ltr'><strong>quidum</strong></span> <span class='ocrx_word' id='word_1_138' title='bbox 623 1999 656 2050; x_wconf 92' lang='lat' dir='ltr'><strong>et</strong></span> <span class='ocrx_word' id='word_1_139' title='bbox 678 1985 913 2069; x_wconf 70' lang='lat' dir='ltr'><strong>nnstoxenus,</strong></span> <span class='ocrx_word' id='word_1_140' title='bbox 939 1987 1015 2074; x_wconf 79' lang='lat' dir='ltr'><strong>quia</strong></span> <span class='ocrx_word' id='word_1_141' title='bbox 1038 1982 1186 2052; x_wconf 82' lang='lat' dir='ltr'><strong>difficilia</strong></span> <span class='ocrx_word' id='word_1_142' title='bbox 1203 1997 1279 2052; x_wconf 85' lang='lat' dir='ltr'><strong>arat</strong></span> <span class='ocrx_word' id='word_1_143' title='bbox 1396 1965 1397 2012; x_wconf 49' lang='lat'>³</span> 
     </span>
    </p>
   </div>
   <div class='ocr_carea' id='block_1_9' title="bbox 216 2081 1279 2204">
    <p class='ocr_par' dir='ltr' id='par_1_10' title="bbox 216 2073 1397 2204">
     <span class='ocr_line' id='line_1_18' title="bbox 216 2081 1279 2204; baseline 0.003 -52"><span class='ocrx_word' id='word_1_144' title='bbox 216 2091 337 2192; x_wconf 76' lang='lat' dir='ltr'><strong>animi,</strong></span> <span class='ocrx_word' id='word_1_145' title='bbox 353 2089 431 2194; x_wconf 87' lang='lat' dir='ltr'><strong>quid</strong></span> <span class='ocrx_word' id='word_1_146' title='bbox 447 2083 501 2154; x_wconf 86' lang='lat' dir='ltr'><strong>aut</strong></span> <span class='ocrx_word' id='word_1_147' title='bbox 515 2087 621 2176; x_wconf 87' lang='lat' dir='ltr'><strong>qualis</strong></span> <span class='ocrx_word' id='word_1_148' title='bbox 636 2102 736 2172; x_wconf 87' lang='lat' dir='ltr'><strong>esset,</strong></span> <span class='ocrx_word' id='word_1_149' title='bbox 759 2081 997 2184; x_wconf 78' lang='lat' dir='ltr'><strong>intellegentia,</strong></span> <span class='ocrx_word' id='word_1_150' title='bbox 1025 2083 1150 2204; x_wconf 86' lang='lat' dir='ltr'><strong>nullum</strong></span> <span class='ocrx_word' id='word_1_151' title='bbox 1168 2091 1279 2154; x_wconf 85' lang='lat' dir='ltr'><strong>omni·</strong></span> 
     </span>
    </p>
   </div>
   <div class='ocr_carea' id='block_1_10' title="bbox 198 2185 1284 2592">
    <p class='ocr_par' dir='ltr' id='par_1_11' title="bbox 217 2185 699 2261">
     <span class='ocr_line' id='line_1_19' title="bbox 217 2185 699 2261; baseline -0.004 -1"><span class='ocrx_word' id='word_1_152' title='bbox 217 2186 267 2261; x_wconf 83' lang='lat' dir='ltr'><strong>&#39;no</strong></span> <span class='ocrx_word' id='word_1_153' title='bbox 285 2185 426 2258; x_wconf 80' lang='lat' dir='ltr'><strong>animum</strong></span> <span class='ocrx_word' id='word_1_154' title='bbox 443 2203 516 2257; x_wconf 80' lang='lat' dir='ltr'><strong>asae</strong></span> <span class='ocrx_word' id='word_1_155' title='bbox 533 2193 699 2258; x_wconf 74' lang='lat' dir='ltr'><strong>dixerunt.</strong></span> 
     </span>
    </p>

    <p class='ocr_par' dir='ltr' id='par_1_12' title="bbox 198 2291 1284 2592">
     <span class='ocr_line' id='line_1_20' title="bbox 198 2291 1278 2385; baseline 0.004 -26"><span class='ocrx_word' id='word_1_156' title='bbox 198 2319 202 2327; x_wconf 71' lang='grc'><strong>’</strong></span> <span class='ocrx_word' id='word_1_157' title='bbox 323 2291 431 2374; x_wconf 71' lang='lat'><strong>§.52-</strong></span> <span class='ocrx_word' id='word_1_158' title='bbox 480 2295 538 2362; x_wconf 84' lang='lat' dir='ltr'><strong>Eat</strong></span> <span class='ocrx_word' id='word_1_159' title='bbox 554 2293 636 2363; x_wconf 83' lang='lat' dir='ltr'><strong>illud</strong></span> <span class='ocrx_word' id='word_1_160' title='bbox 654 2294 783 2383; x_wconf 89' lang='lat' dir='ltr'><strong>quidem</strong></span> <span class='ocrx_word' id='word_1_161' title='bbox 798 2292 852 2363; x_wconf 86' lang='lat' dir='ltr'><strong>vel</strong></span> <span class='ocrx_word' id='word_1_162' title='bbox 867 2317 1057 2364; x_wconf 84' lang='lat' dir='ltr'><strong>maxumum</strong></span> <span class='ocrx_word' id='word_1_163' title='bbox 1072 2297 1210 2364; x_wconf 87' lang='lat' dir='ltr'><strong>animo&#39;</strong></span> <span class='ocrx_word' id='word_1_164' title='bbox 1199 2316 1278 2385; x_wconf 84' lang='lat' dir='ltr'><strong>rpau</strong></span> 
     </span>
     <span class='ocr_line' id='line_1_21' title="bbox 224 2399 1284 2490; baseline 0.001 -25"><span class='ocrx_word' id='word_1_165' title='bbox 224 2399 367 2466; x_wconf 88' lang='lat' dir='ltr'><strong>animum</strong></span> <span class='ocrx_word' id='word_1_166' title='bbox 387 2399 498 2478; x_wconf 84' lang='lat' dir='ltr'><strong>videre</strong></span> <span class='ocrx_word' id='word_1_167' title='bbox 507 2419 518 2486; x_wconf 74' lang='lat' dir='ltr'><strong>t</strong></span> <span class='ocrx_word' id='word_1_168' title='bbox 543 2415 576 2466; x_wconf 90' lang='grc' dir='ltr'><strong>ιι</strong></span> <span class='ocrx_word' id='word_1_169' title='bbox 593 2401 744 2466; x_wconf 89' lang='lat' dir='ltr'><strong>nimirum</strong></span> <span class='ocrx_word' id='word_1_170' title='bbox 763 2399 847 2468; x_wconf 88' lang='lat' dir='ltr'><strong>hanc</strong></span> <span class='ocrx_word' id='word_1_171' title='bbox 862 2399 962 2468; x_wconf 86' lang='lat' dir='ltr'><strong>habet</strong></span> <span class='ocrx_word' id='word_1_172' title='bbox 980 2403 1046 2468; x_wconf 90' lang='lat' dir='ltr'><strong>vlm</strong></span> <span class='ocrx_word' id='word_1_173' title='bbox 1065 2413 1284 2490; x_wconf 79' lang='lat' dir='ltr'><strong>pracceptum</strong></span> 
     </span>
     <span class='ocr_line' id='line_1_22' title="bbox 221 2493 1278 2592; baseline -0.001 -22"><span class='ocrx_word' id='word_1_174' title='bbox 221 2501 407 2587; x_wconf 79' lang='lat' dir='ltr'><strong>Apollinis,</strong></span> <span class='ocrx_word' id='word_1_175' title='bbox 437 2525 498 2590; x_wconf 91' lang='lat' dir='ltr'><strong>quo</strong></span> <span class='ocrx_word' id='word_1_176' title='bbox 511 2493 634 2569; x_wconf 72' lang='lat' dir='ltr'><strong>‘monet</strong></span> <span class='ocrx_word' id='word_1_177' title='bbox 651 2518 685 2570; x_wconf 92' lang='lat' dir='ltr'><strong>ut</strong></span> <span class='ocrx_word' id='word_1_178' title='bbox 706 2527 743 2570; x_wconf 83' lang='lat' dir='ltr'><strong>aa</strong></span> <span class='ocrx_word' id='word_1_179' title='bbox 767 2507 901 2592; x_wconf 83' lang='lat' dir='ltr'><strong>quiaque</strong></span> <span class='ocrx_word' id='word_1_180' title='bbox 922 2519 1046 2570; x_wconf 88' lang='lat' dir='ltr'><strong>noaeut.</strong></span> <span class='ocrx_word' id='word_1_181' title='bbox 1086 2517 1162 2572; x_wconf 82' lang='lat' dir='ltr'><strong>non</strong></span> <span class='ocrx_word' id='word_1_182' title='bbox 1184 2506 1278 2580; x_wconf 80' lang='lat' dir='ltr'><strong>enlm</strong></span> 
     </span>
    </p>
   </div>
   <div class='ocr_carea' id='block_1_11' title="bbox 62 2605 1385 2706">
    <p class='ocr_par' dir='ltr' id='par_1_13' title="bbox 62 2605 1385 2706">
     <span class='ocr_line' id='line_1_23' title="bbox 62 2605 1385 2706; baseline 0.001 -34"><span class='ocrx_word' id='word_1_183' title='bbox 62 2619 64 2624; x_wconf 85' lang='lat'>&#39;</span> <span class='ocrx_word' id='word_1_184' title='bbox 166 2643 189 2652; x_wconf 41' lang='grc' dir='ltr'>ν</span> <span class='ocrx_word' id='word_1_185' title='bbox 223 2605 321 2672; x_wconf 86' lang='lat' dir='ltr'><strong>credo</strong></span> <span class='ocrx_word' id='word_1_186' title='bbox 342 2606 376 2672; x_wconf 86' lang='lat' dir='ltr'><strong>id</strong></span> <span class='ocrx_word' id='word_1_187' title='bbox 397 2609 574 2693; x_wconf 82' lang='lat' dir='ltr'><strong>praecipit,</strong></span> <span class='ocrx_word' id='word_1_188' title='bbox 596 2621 634 2700; x_wconf 79' lang='grc' dir='ltr'><strong>ἰιι</strong></span> <span class='ocrx_word' id='word_1_189' title='bbox 650 2606 797 2678; x_wconf 87' lang='lat' dir='ltr'><strong>membra</strong></span> <span class='ocrx_word' id='word_1_190' title='bbox 817 2621 929 2706; x_wconf 73' lang='lat' dir='ltr'><strong>nostra</strong></span> <span class='ocrx_word' id='word_1_191' title='bbox 947 2623 1004 2675; x_wconf 87' lang='lat' dir='ltr'><strong>aut</strong></span> <span class='ocrx_word' id='word_1_192' title='bbox 1017 2619 1173 2674; x_wconf 79' lang='lat' dir='ltr'><strong>autorum</strong></span> <span class='ocrx_word' id='word_1_193' title='bbox 1189 2606 1280 2696; x_wconf 79' lang='lat' dir='ltr'><strong>figu·</strong></span> <span class='ocrx_word' id='word_1_194' title='bbox 1379 2695 1385 2704; x_wconf 27' lang='grc' dir='ltr'><strong>ι</strong></span> 
     </span>
    </p>
   </div>
   <div class='ocr_carea' id='block_1_12' title="bbox 221 2717 1279 2804">
    <p class='ocr_par' dir='ltr' id='par_1_14' title="bbox 221 2717 1279 2804">
     <span class='ocr_line' id='line_1_24' title="bbox 221 2717 1279 2804; baseline 0 -28"><span class='ocrx_word' id='word_1_195' title='bbox 221 2731 334 2776; x_wconf 89' lang='lat' dir='ltr'><strong>ramva</strong></span> <span class='ocrx_word' id='word_1_196' title='bbox 349 2730 532 2776; x_wconf 75' lang='lat' dir='ltr'><strong>noceamus.</strong></span> <span class='ocrx_word' id='word_1_197' title='bbox 575 2732 682 2798; x_wconf 90' lang='lat' dir='ltr'><strong>neque</strong></span> <span class='ocrx_word' id='word_1_198' title='bbox 697 2731 758 2778; x_wconf 81' lang='lat' dir='ltr'><strong>noa</strong></span> <span class='ocrx_word' id='word_1_199' title='bbox 775 2733 911 2804; x_wconf 86' lang='lat' dir='ltr'><strong>corpora</strong></span> <span class='ocrx_word' id='word_1_200' title='bbox 923 2727 1053 2779; x_wconf 78' lang='lat' dir='ltr'><strong>camut:</strong></span> <span class='ocrx_word' id='word_1_201' title='bbox 1080 2717 1185 2801; x_wconf 86' lang='lat' dir='ltr'><strong>neque</strong></span> <span class='ocrx_word' id='word_1_202' title='bbox 1199 2729 1279 2799; x_wconf 80' lang='lat' dir='ltr'><strong>ego,</strong></span> 
     </span>
    </p>
   </div>
   <div class='ocr_carea' id='block_1_13' title="bbox 221 2808 1398 3008">
    <p class='ocr_par' dir='ltr' id='par_1_15' title="bbox 221 2808 1398 3008">
     <span class='ocr_line' id='line_1_25' title="bbox 221 2808 1398 2908; baseline 0.002 -28"><span class='ocrx_word' id='word_1_203' title='bbox 221 2811 283 2880; x_wconf 87' lang='lat' dir='ltr'><strong>tibi</strong></span> <span class='ocrx_word' id='word_1_204' title='bbox 295 2812 377 2881; x_wconf 88' lang='lat' dir='ltr'><strong>haec</strong></span> <span class='ocrx_word' id='word_1_205' title='bbox 390 2814 521 2908; x_wconf 80' lang='lat' dir='ltr'><strong>dicens,</strong></span> <span class='ocrx_word' id='word_1_206' title='bbox 547 2808 675 2904; x_wconf 80' lang='lat' dir='ltr'><strong>corpori</strong></span> <span class='ocrx_word' id='word_1_207' title='bbox 689 2832 746 2881; x_wconf 91' lang='lat' dir='ltr'><strong>tuo</strong></span> <span class='ocrx_word' id='word_1_208' title='bbox 762 2815 846 2881; x_wconf 85' lang='lat' dir='ltr'><strong>dico.</strong></span> <span class='ocrx_word' id='word_1_209' title='bbox 893 2837 966 2882; x_wconf 91' lang='lat' dir='ltr'><strong>cum</strong></span> <span class='ocrx_word' id='word_1_210' title='bbox 981 2809 1097 2904; x_wconf 79' lang='lat' dir='ltr'><strong>igitur,</strong></span> <span class='ocrx_word' id='word_1_211' title='bbox 1118 2837 1215 2882; x_wconf 80' lang='lat' dir='ltr'><strong>acccc</strong></span> <span class='ocrx_word' id='word_1_212' title='bbox 1229 2823 1280 2898; x_wconf 81' lang='lat' dir='ltr'><strong>tc,</strong></span> <span class='ocrx_word' id='word_1_213' title='bbox 1397 2825 1398 2856; x_wconf 58' lang='grc' dir='ltr'><strong>ι</strong></span> 
     </span>
     <span class='ocr_line' id='line_1_26' title="bbox 221 2914 1398 3008; baseline 0.001 -25"><span class='ocrx_word' id='word_1_214' title='bbox 221 2914 319 2999; x_wconf 91' lang='lat' dir='ltr'><strong>dicit,</strong></span> <span class='ocrx_word' id='word_1_215' title='bbox 343 2917 406 2984; x_wconf 91' lang='lat' dir='ltr'><strong>hoc</strong></span> <span class='ocrx_word' id='word_1_216' title='bbox 430 2918 525 3000; x_wconf 88' lang='lat' dir='ltr'><strong>dicit,</strong></span> <span class='ocrx_word' id='word_1_217' title='bbox 549 2939 646 2985; x_wconf 77' lang='lat' dir='ltr'><strong>coece</strong></span> <span class='ocrx_word' id='word_1_218' title='bbox 665 2920 804 2986; x_wconf 76' lang='lat' dir='ltr'><strong>animuin</strong></span> <span class='ocrx_word' id='word_1_219' title='bbox 822 2926 920 2986; x_wconf 78' lang='grc' dir='ltr'><strong>ιιιιιι.</strong></span> <span class='ocrx_word' id='word_1_220' title='bbox 973 2939 1051 2986; x_wconf 89' lang='lat' dir='ltr'><strong>uam</strong></span> <span class='ocrx_word' id='word_1_221' title='bbox 1071 2939 1185 3008; x_wconf 80' lang='lat' dir='ltr'><strong>corpus</strong></span> <span class='ocrx_word' id='word_1_222' title='bbox 1205 2921 1282 3007; x_wconf 91' lang='lat' dir='ltr'><strong>qui·</strong></span> <span class='ocrx_word' id='word_1_223' title='bbox 1397 2961 1398 2984; x_wconf 52' lang='grc' dir='ltr'><strong>ι</strong></span> 
     </span>
    </p>
   </div>
   <div class='ocr_carea' id='block_1_14' title="bbox 223 3019 1279 3110">
    <p class='ocr_par' dir='ltr' id='par_1_16' title="bbox 223 3019 1279 3110">
     <span class='ocr_line' id='line_1_27' title="bbox 223 3019 1279 3110; baseline 0 -22"><span class='ocrx_word' id='word_1_224' title='bbox 223 3022 299 3088; x_wconf 90' lang='lat' dir='ltr'><strong>dem</strong></span> <span class='ocrx_word' id='word_1_225' title='bbox 321 3022 415 3109; x_wconf 85' lang='lat' dir='ltr'><strong>quasi</strong></span> <span class='ocrx_word' id='word_1_226' title='bbox 434 3043 494 3088; x_wconf 80' lang='lat' dir='ltr'><strong>vas</strong></span> <span class='ocrx_word' id='word_1_227' title='bbox 514 3035 564 3087; x_wconf 88' lang='lat' dir='ltr'><strong>eat</strong></span> <span class='ocrx_word' id='word_1_228' title='bbox 588 3038 643 3087; x_wconf 88' lang='lat' dir='ltr'><strong>aut</strong></span> <span class='ocrx_word' id='word_1_229' title='bbox 666 3021 798 3109; x_wconf 87' lang='lat' dir='ltr'><strong>aliquod</strong></span> <span class='ocrx_word' id='word_1_230' title='bbox 821 3024 924 3088; x_wconf 89' lang='lat' dir='ltr'><strong>animi</strong></span> <span class='ocrx_word' id='word_1_231' title='bbox 947 3021 1204 3110; x_wconf 84' lang='lat' dir='ltr'><strong>receptaculum:</strong></span> <span class='ocrx_word' id='word_1_232' title='bbox 1230 3019 1279 3088; x_wconf 87' lang='lat' dir='ltr'><strong>ab</strong></span> 
     </span>
    </p>
   </div>
   <div class='ocr_carea' id='block_1_15' title="bbox 167 3121 1398 3218">
    <p class='ocr_par' dir='ltr' id='par_1_17' title="bbox 167 3121 1398 3218">
     <span class='ocr_line' id='line_1_28' title="bbox 167 3121 1398 3218; baseline 0.002 -28"><span class='ocrx_word' id='word_1_233' title='bbox 167 3159 171 3174; x_wconf 92' lang='lat'><strong>·</strong></span> <span class='ocrx_word' id='word_1_234' title='bbox 224 3127 332 3190; x_wconf 89' lang='lat' dir='ltr'><strong>auimo</strong></span> <span class='ocrx_word' id='word_1_235' title='bbox 356 3136 421 3189; x_wconf 83' lang='lat' dir='ltr'><strong>tuo‘</strong></span> <span class='ocrx_word' id='word_1_236' title='bbox 435 3125 589 3214; x_wconf 91' lang='lat' dir='ltr'><strong>quidquid</strong></span> <span class='ocrx_word' id='word_1_237' title='bbox 608 3128 733 3218; x_wconf 67' lang='lat' dir='ltr'><strong>agitant</strong></span> <span class='ocrx_word' id='word_1_238' title='bbox 758 3126 792 3190; x_wconf 90' lang='lat' dir='ltr'><strong>id</strong></span> <span class='ocrx_word' id='word_1_239' title='bbox 817 3128 926 3214; x_wconf 86' lang='lat' dir='ltr'><strong>agitur</strong></span> <span class='ocrx_word' id='word_1_240' title='bbox 947 3140 1024 3210; x_wconf 83' lang='lat' dir='ltr'><strong>ute.</strong></span> <span class='ocrx_word' id='word_1_241' title='bbox 1075 3125 1161 3193; x_wconf 86' lang='lat' dir='ltr'><strong>hunc</strong></span> <span class='ocrx_word' id='word_1_242' title='bbox 1174 3127 1282 3213; x_wconf 79' lang='lat' dir='ltr'><strong>igitur</strong></span> <span class='ocrx_word' id='word_1_243' title='bbox 1397 3121 1398 3128; x_wconf 56' lang='lat'><em>&#39;</em></span> 
     </span>
    </p>
   </div>
   <div class='ocr_carea' id='block_1_16' title="bbox 221 3229 1281 3732">
    <p class='ocr_par' dir='ltr' id='par_1_18' title="bbox 221 3229 1280 3524">
     <span class='ocr_line' id='line_1_29' title="bbox 221 3229 1278 3314; baseline 0.002 -20"><span class='ocrx_word' id='word_1_244' title='bbox 221 3249 322 3294; x_wconf 73' lang='lat' dir='ltr'><strong>nouae</strong></span> <span class='ocrx_word' id='word_1_245' title='bbox 336 3229 399 3294; x_wconf 77' lang='lat' dir='ltr'><strong>nisi</strong></span> <span class='ocrx_word' id='word_1_246' title='bbox 414 3229 557 3310; x_wconf 76' lang='lat' dir='ltr'><strong>divinum</strong></span> <span class='ocrx_word' id='word_1_247' title='bbox 573 3242 670 3314; x_wconf 84' lang='lat' dir='ltr'><strong>esset,</strong></span> <span class='ocrx_word' id='word_1_248' title='bbox 696 3243 865 3295; x_wconf 61' lang='lat' dir='ltr'><strong>non‘eaaet</strong></span> <span class='ocrx_word' id='word_1_249' title='bbox 878 3229 941 3302; x_wconf 87' lang='lat' dir='ltr'><strong>lroc</strong></span> <span class='ocrx_word' id='word_1_250' title='bbox 955 3231 1091 3296; x_wconf 88' lang='lat' dir='ltr'><strong>aerioria</strong></span> <span class='ocrx_word' id='word_1_251' title='bbox 1105 3230 1278 3296; x_wconf 74' lang='lat' dir='ltr'><strong>cuiusdam</strong></span> 
     </span>
     <span class='ocr_line' id='line_1_30' title="bbox 224 3331 1280 3420; baseline 0 -22"><span class='ocrx_word' id='word_1_252' title='bbox 224 3333 327 3398; x_wconf 85' lang='lat' dir='ltr'><strong>animi</strong></span> <span class='ocrx_word' id='word_1_253' title='bbox 350 3344 575 3420; x_wconf 83' lang='lat' dir='ltr'><strong>praeceptum:</strong></span> <span class='ocrx_word' id='word_1_254' title='bbox 604 3333 653 3398; x_wconf 88' lang='lat' dir='ltr'><strong>aio</strong></span> <span class='ocrx_word' id='word_1_255' title='bbox 673 3344 714 3412; x_wconf 21' lang='lat' dir='ltr'><strong>‘ut</strong></span> <span class='ocrx_word' id='word_1_256' title='bbox 742 3331 895 3402; x_wconf 89' lang='lat' dir='ltr'><strong>tributum</strong></span> <span class='ocrx_word' id='word_1_257' title='bbox 923 3355 945 3398; x_wconf 88' lang='lat' dir='ltr'><strong>a</strong></span> <span class='ocrx_word' id='word_1_258' title='bbox 970 3333 1033 3402; x_wconf 87' lang='lat' dir='ltr'><strong>deo</strong></span> <span class='ocrx_word' id='word_1_259' title='bbox 1070 3335 1114 3401; x_wconf 86' lang='lat' dir='ltr'><strong>alt</strong></span> <span class='ocrx_word' id='word_1_260' title='bbox 1145 3331 1208 3400; x_wconf 87' lang='lat' dir='ltr'><strong>hec</strong></span> <span class='ocrx_word' id='word_1_261' title='bbox 1236 3353 1280 3398; x_wconf 85' lang='lat' dir='ltr'><strong>ae</strong></span> 
     </span>
     <span class='ocr_line' id='line_1_31' title="bbox 222 3440 682 3524; baseline 0 -22"><span class='ocrx_word' id='word_1_262' title='bbox 222 3440 332 3524; x_wconf 88' lang='lat' dir='ltr'><strong>ipaum</strong></span> <span class='ocrx_word' id='word_1_263' title='bbox 357 3457 456 3522; x_wconf 78' lang='lat' dir='ltr'><strong>porse</strong></span> <span class='ocrx_word' id='word_1_264' title='bbox 478 3454 682 3524; x_wconf 85' lang='lat' dir='ltr'><strong>cognoscere.</strong></span> 
     </span>
    </p>

    <p class='ocr_par' dir='ltr' id='par_1_19' title="bbox 223 3533 1281 3732">
     <span class='ocr_line' id='line_1_32' title="bbox 324 3533 1281 3627; baseline -0.002 -21"><span class='ocrx_word' id='word_1_265' title='bbox 324 3541 356 3619; x_wconf 68' lang='grc'><strong>1.</strong></span> <span class='ocrx_word' id='word_1_266' title='bbox 378 3543 437 3606; x_wconf 85' lang='grc'><strong>53.</strong></span> <span class='ocrx_word' id='word_1_267' title='bbox 489 3533 604 3604; x_wconf 85' lang='lat' dir='ltr'><strong>Sed</strong></span> <span class='ocrx_word' id='word_1_268' title='bbox 577 3562 607 3608; x_wconf 86' lang='lat' dir='ltr'><strong>ar</strong></span> <span class='ocrx_word' id='word_1_269' title='bbox 631 3536 735 3627; x_wconf 87' lang='lat' dir='ltr'><strong>qualia</strong></span> <span class='ocrx_word' id='word_1_270' title='bbox 759 3541 802 3605; x_wconf 81' lang='lat' dir='ltr'><strong>&#39;ait</strong></span> <span class='ocrx_word' id='word_1_271' title='bbox 826 3542 954 3608; x_wconf 81' lang='lat' dir='ltr'><strong>animur</strong></span> <span class='ocrx_word' id='word_1_272' title='bbox 973 3539 1045 3626; x_wconf 82' lang='lat' dir='ltr'><strong>ipae</strong></span> <span class='ocrx_word' id='word_1_273' title='bbox 1067 3541 1194 3622; x_wconf 83' lang='lat' dir='ltr'><strong>auimua</strong></span> <span class='ocrx_word' id='word_1_274' title='bbox 1216 3542 1281 3604; x_wconf 79' lang='lat' dir='ltr'><strong>ne-&#39;</strong></span> 
     </span>
     <span class='ocr_line' id='line_1_33' title="bbox 223 3642 1281 3732; baseline 0 -24"><span class='ocrx_word' id='word_1_275' title='bbox 223 3645 322 3708; x_wconf 88' lang='lat' dir='ltr'><strong>aciat.</strong></span> <span class='ocrx_word' id='word_1_276' title='bbox 349 3643 420 3725; x_wconf 86' lang='lat' dir='ltr'><strong>dic,</strong></span> <span class='ocrx_word' id='word_1_277' title='bbox 444 3663 582 3732; x_wconf 84' lang='lat' dir='ltr'><strong>quaeso,</strong></span> <span class='ocrx_word' id='word_1_278' title='bbox 607 3664 649 3706; x_wconf 89' lang='lat' dir='ltr'><strong>ne</strong></span> <span class='ocrx_word' id='word_1_279' title='bbox 669 3665 752 3708; x_wconf 83' lang='lat' dir='ltr'><strong>esau</strong></span> <span class='ocrx_word' id='word_1_280' title='bbox 757 3642 884 3731; x_wconf 89' lang='lat' dir='ltr'><strong>quidem</strong></span> <span class='ocrx_word' id='word_1_281' title='bbox 901 3665 937 3709; x_wconf 83' lang='lat' dir='ltr'><strong>ae</strong></span> <span class='ocrx_word' id='word_1_282' title='bbox 956 3642 1058 3710; x_wconf 80' lang='lat' dir='ltr'><strong>acictl</strong></span> <span class='ocrx_word' id='word_1_283' title='bbox 1087 3665 1128 3710; x_wconf 86' lang='lat' dir='ltr'><strong>na</strong></span> <span class='ocrx_word' id='word_1_284' title='bbox 1151 3645 1281 3709; x_wconf 77' lang='lat' dir='ltr'><strong>moveri</strong></span> 
     </span>
    </p>
   </div>
   <div class='ocr_carea' id='block_1_17' title="bbox 105 3730 1280 3834">
    <p class='ocr_par' dir='ltr' id='par_1_20' title="bbox 105 3730 1280 3834">
     <span class='ocr_line' id='line_1_34' title="bbox 105 3730 1280 3834; baseline -0.001 -24"><span class='ocrx_word' id='word_1_285' title='bbox 105 3791 106 3798; x_wconf 37' lang='lat'>1</span> <span class='ocrx_word' id='word_1_286' title='bbox 224 3747 356 3833; x_wconf 89' lang='lat' dir='ltr'><strong>quidem</strong></span> <span class='ocrx_word' id='word_1_287' title='bbox 372 3745 426 3812; x_wconf 81' lang='lat' dir='ltr'><strong>sel</strong></span> <span class='ocrx_word' id='word_1_288' title='bbox 454 3769 498 3812; x_wconf 82' lang='lat' dir='ltr'><strong>ex</strong></span> <span class='ocrx_word' id='word_1_289' title='bbox 524 3730 587 3834; x_wconf 83' lang='lat' dir='ltr'><strong>qud</strong></span> <span class='ocrx_word' id='word_1_290' title='bbox 609 3742 669 3811; x_wconf 87' lang='lat' dir='ltr'><strong>illa</strong></span> <span class='ocrx_word' id='word_1_291' title='bbox 690 3748 772 3812; x_wconf 88' lang='lat' dir='ltr'><strong>ratio</strong></span> <span class='ocrx_word' id='word_1_292' title='bbox 792 3758 871 3812; x_wconf 89' lang='lat' dir='ltr'><strong>nata</strong></span> <span class='ocrx_word' id='word_1_293' title='bbox 893 3760 944 3814; x_wconf 81' lang='lat' dir='ltr'><strong>aut</strong></span> <span class='ocrx_word' id='word_1_294' title='bbox 958 3740 1121 3829; x_wconf 82' lang='lat' dir='ltr'><strong>Plutonia,</strong></span> <span class='ocrx_word' id='word_1_295' title='bbox 1149 3766 1234 3833; x_wconf 89' lang='lat' dir='ltr'><strong>quae</strong></span> <span class='ocrx_word' id='word_1_296' title='bbox 1255 3767 1280 3810; x_wconf 84' lang='lat' dir='ltr'><strong>a</strong></span> 
     </span>
    </p>
   </div>
   <div class='ocr_carea' id='block_1_18' title="bbox 225 3841 1281 3986">
    <p class='ocr_par' dir='ltr' id='par_1_21' title="bbox 225 3841 1281 3986">
     <span class='ocr_line' id='line_1_35' title="bbox 225 3841 1281 3986; baseline 0.002 -72"><span class='ocrx_word' id='word_1_297' title='bbox 225 3847 360 3914; x_wconf 81' lang='lat' dir='ltr'><strong>Socrate</strong></span> <span class='ocrx_word' id='word_1_298' title='bbox 384 3864 433 3913; x_wconf 86' lang='lat' dir='ltr'><strong>est</strong></span> <span class='ocrx_word' id='word_1_299' title='bbox 452 3853 487 3916; x_wconf 91' lang='lat' dir='ltr'><strong>iu</strong></span> <span class='ocrx_word' id='word_1_300' title='bbox 502 3841 650 3918; x_wconf 85' lang='lat' dir='ltr'><strong>Phaedre</strong></span> <span class='ocrx_word' id='word_1_301' title='bbox 672 3847 854 3935; x_wconf 82' lang='lat' dir='ltr'><strong>explicata,</strong></span> <span class='ocrx_word' id='word_1_302' title='bbox 877 3872 898 3915; x_wconf 89' lang='lat' dir='ltr'><strong>a</strong></span> <span class='ocrx_word' id='word_1_303' title='bbox 912 3871 965 3918; x_wconf 82' lang='lat' dir='ltr'><strong>me</strong></span> <span class='ocrx_word' id='word_1_304' title='bbox 979 3851 1085 3918; x_wconf 85' lang='lat' dir='ltr'><strong>eutem</strong></span> <span class='ocrx_word' id='word_1_305' title='bbox 1101 3851 1209 3986; x_wconf 83' lang='lat' dir='ltr'><strong>poalta</strong></span> <span class='ocrx_word' id='word_1_306' title='bbox 1223 3861 1281 3916; x_wconf 78' lang='lat' dir='ltr'><strong>eat</strong></span> 
     </span>
    </p>
   </div>
   <div class='ocr_carea' id='block_1_19' title="bbox 26 3939 746 4039">
    <p class='ocr_par' dir='ltr' id='par_1_22' title="bbox 26 3939 746 4039">
     <span class='ocr_line' id='line_1_36' title="bbox 26 3939 746 4039; baseline -0.013 -14"><span class='ocrx_word' id='word_1_307' title='bbox 26 3982 27 3990; x_wconf 53' lang='lat'>¹</span> <span class='ocrx_word' id='word_1_308' title='bbox 160 3997 164 4004; x_wconf 67' lang='lat'><strong>,</strong></span> <span class='ocrx_word' id='word_1_309' title='bbox 223 3954 258 4022; x_wconf 84' lang='lat' dir='ltr'><strong>iu</strong></span> <span class='ocrx_word' id='word_1_310' title='bbox 276 3963 373 4020; x_wconf 78' lang='lat' dir='ltr'><strong>sexte</strong></span> <span class='ocrx_word' id='word_1_311' title='bbox 388 3939 473 4018; x_wconf 74' lang='lat' dir='ltr'><strong>titire</strong></span> <span class='ocrx_word' id='word_1_312' title='bbox 490 3951 531 4019; x_wconf 90' lang='lat' dir='ltr'><strong>de</strong></span> <span class='ocrx_word' id='word_1_313' title='bbox 548 3975 584 4018; x_wconf 86' lang='lat' dir='ltr'><strong>re</strong></span> <span class='ocrx_word' id='word_1_314' title='bbox 605 3949 746 4039; x_wconf 86' lang='lat' dir='ltr'><strong>publica.</strong></span> 
     </span>
    </p>
   </div>
   <div class='ocr_carea' id='block_1_20' title="bbox 200 4050 1280 4368">
    <p class='ocr_par' dir='ltr' id='par_1_23' title="bbox 200 4050 1280 4368">
     <span class='ocr_line' id='line_1_37' title="bbox 200 4050 1280 4143; baseline 0.003 -22"><span class='ocrx_word' id='word_1_315' title='bbox 200 4095 205 4108; x_wconf 54' lang='grc' dir='ltr'><strong>ι</strong></span> <span class='ocrx_word' id='word_1_316' title='bbox 330 4053 411 4121; x_wconf 72' lang='lat' dir='ltr'><strong>Cre.</strong></span> <span class='ocrx_word' id='word_1_317' title='bbox 425 4051 552 4122; x_wconf 84' lang='lat' dir='ltr'><strong>XXIII.</strong></span> <span class='ocrx_word' id='word_1_318' title='bbox 602 4050 727 4136; x_wconf 82' lang='lat' dir='ltr'><strong>„Quod</strong></span> <span class='ocrx_word' id='word_1_319' title='bbox 754 4076 884 4143; x_wconf 89' lang='lat' dir='ltr'><strong>aemper</strong></span> <span class='ocrx_word' id='word_1_320' title='bbox 905 4067 1070 4138; x_wconf 83' lang='lat' dir='ltr'><strong>mouetur,</strong></span> <span class='ocrx_word' id='word_1_321' title='bbox 1108 4065 1280 4124; x_wconf 79' lang='lat' dir='ltr'><strong>aeteruum</strong></span> 
     </span>
     <span class='ocr_line' id='line_1_38' title="bbox 225 4157 1279 4255; baseline 0 -31"><span class='ocrx_word' id='word_1_322' title='bbox 225 4171 305 4234; x_wconf 57' lang='lat' dir='ltr'><strong>eat„</strong></span> <span class='ocrx_word' id='word_1_323' title='bbox 340 4157 424 4248; x_wconf 82' lang='lat' dir='ltr'><strong>quod</strong></span> <span class='ocrx_word' id='word_1_324' title='bbox 449 4172 556 4225; x_wconf 89' lang='lat' dir='ltr'><strong>autem</strong></span> <span class='ocrx_word' id='word_1_325' title='bbox 579 4171 703 4255; x_wconf 90' lang='lat' dir='ltr'><strong>motum</strong></span> <span class='ocrx_word' id='word_1_326' title='bbox 725 4160 831 4226; x_wconf 83' lang='lat' dir='ltr'><strong>adfert</strong></span> <span class='ocrx_word' id='word_1_327' title='bbox 853 4157 968 4238; x_wconf 87' lang='lat' dir='ltr'><strong>alicui,</strong></span> <span class='ocrx_word' id='word_1_328' title='bbox 997 4159 1143 4250; x_wconf 89' lang='lat' dir='ltr'><strong>quodque</strong></span> <span class='ocrx_word' id='word_1_329' title='bbox 1161 4161 1279 4245; x_wconf 75' lang='lat' dir='ltr'><strong>ipsum</strong></span> 
     </span>
     <span class='ocr_line' id='line_1_39' title="bbox 213 4259 1279 4368; baseline 0.001 -39"><span class='ocrx_word' id='word_1_330' title='bbox 213 4265 368 4368; x_wconf 18' lang='lat' dir='ltr'><strong>&#39;agitatur</strong></span> <span class='ocrx_word' id='word_1_331' title='bbox 391 4259 559 4342; x_wconf 86' lang='lat' dir='ltr'><strong>alicunde,</strong></span> <span class='ocrx_word' id='word_1_332' title='bbox 600 4263 726 4355; x_wconf 89' lang='lat' dir='ltr'><strong>quaudo</strong></span> <span class='ocrx_word' id='word_1_333' title='bbox 750 4259 850 4332; x_wconf 83' lang='lat' dir='ltr'><strong>fluam</strong></span> <span class='ocrx_word' id='word_1_334' title='bbox 877 4260 976 4330; x_wconf 80' lang='lat' dir='ltr'><strong>habet</strong></span> <span class='ocrx_word' id='word_1_335' title='bbox 992 4275 1117 4341; x_wconf 85' lang='lat' dir='ltr'><strong>mutua,</strong></span> <span class='ocrx_word' id='word_1_336' title='bbox 1145 4259 1279 4330; x_wconf 79' lang='lat' dir='ltr'><strong>vivendi</strong></span> 
     </span>
    </p>
   </div>
   <div class='ocr_carea' id='block_1_21' title="bbox 0 0 1411 4692">
    <p class='ocr_par' dir='ltr' id='par_1_24' title="bbox 0 0 1411 4692">
     <span class='ocr_line' id='line_1_40' title="bbox 0 0 1411 4692; baseline 0 0"><span class='ocrx_word' id='word_1_337' title='bbox 0 0 1411 4692; x_wconf 95' lang='lat' dir='ltr'><strong> </strong></span> 
     </span>
    </p>
   </div>
  </div>
 </body>
</html>
