2776 4692
429 171 695 303 7777117,
708 203 785 312 77.
794 165 967 312 77.’

42 471 45 475 ,
127 370 285 467 soprato·
304 383 440 456 11717777
455 403 537 457 oum
561 362 720 467 77717717
736 397 939 480 77777777
921 384 1017 474 71717
1013 381 1174 496 77117717
1217 395 1227 410 ’

128 506 182 560 777
202 495 237 559 in
259 511 333 584 eum
354 487 522 574 Zopyrus,
544 481 655 588 77177
674 467 827 590 77777777
843 490 1047 588 77177777
1010 483 1175 586 77177177

61 669 69 674 ,
126 578 803 718 777771777777717717777,,1771’777777
827 613 847 678 7
872 593 1007 675 7777717,
1040 561 1175 684 7711117

128 703 165 778 in
178 697 313 767 Sourate
326 698 405 786 71717
420 716 485 773 nou
500 709 732 817 99u0u9er9ntz
755 693 800 788 ab
820 697 892 798 ipsp
912 707 1019 796 777777
1038 663 1175 791 8777777

127 800 339 897 sublevatus,
360 819 438 894 77777
453 796 723 900 11177111177177,
749 799 843 902 777
823 790 950 900 7771777
965 820 1019 900 7
999 821 1035 865 77
1047 775 1177 892 71717177
1244 811 1250 820 “
1291 825 1294 834 ·

126 890 265 986 1177777.

229 1019 266 1108 t·
285 1030 345 1092 ⁸¹·
371 1024 508 1114 117777
521 997 656 1110 eruut
671 1044 805 1120 tutona
820 1021 1007 1112 77177117
1032 999 1178 1112 oreon.

81 1207 92 1216 .
131 1143 239 1224 petest
260 1129 364 1201 videri
385 1141 500 1212 77777
520 1127 563 1210 ed
587 1125 728 1216 nlintutu
742 1125 892 1217 77717771
911 1125 1102 1216 nundinor:
1129 1129 1178 1216 ur

133 1237 262 1304 animun
284 1231 369 1302 71177
390 1232 432 1297 71
457 1225 525 1300 elta
539 1231 628 1300 -vitia
648 1232 849 1321 propensior.
900 1227 969 1308 Qut
986 1242 1094 1298 antem
1111 1252 1178 1298 non

134 1353 250 1406 natura
258 1383 270 1422 ,
299 1335 358 1404 771
373 1333 467 1421 culpa
481 1335 593 1405 7171771
602 1355 682 1408 ,7777
697 1335 864 1416 dicuntur,
879 1353 996 1406 eornm
1009 1336 1090 1402 vitia
1103 1351 1179 1402 oon·

133 1453 224 1512 otant
248 1462 267 1510 7
290 1438 387 1510 talete
408 1434 614 1526 opinionibus
634 1459 745 1508 uerum
765 1434 924 1506 bonarum
947 1459 986 1508 uo
1007 1438 1178 1518 malarum,

134 1559 171 1616 ut
186 1547 228 1616 717
243 1542 328 1612 aliua
350 1543 392 1610 ad
415 1541 500 1612 71177
521 1553 628 1611 motu·
649 1538 971 1640 perturbationesque
989 1527 1179 1630 proeiiv'ior.

135 1650 330 1718 inveteratio
354 1659 479 1725 autem,
498 1658 536 1712 nt
554 1647 589 1710 in
611 1643 820 1733 corporibus,
835 1643 982 1736 aegrius
1004 1646 1179 1739 depellitur

62 1735 71 1756 '
137 1775 236 1845 qnam
256 1748 473 1838 perturbatio:
498 1751 655 1835 citiorque
676 1753 864 1836 repentinus
888 1749 1052 1825 oculorum
1072 1765 1179 1820 tumor
1207 1757 1234 1786 ‘'

137 1869 287 1937 7777777,
313 1874 409 1946 quatu
422 1855 572 1920 diuturne
584 1849 744 1937 lippitudo
763 1851 944 1943 depellitur.

178 2039 181 2047 ¹
239 2003 317 2081 cur.
335 2002 534 2080 XXXVIII..
561 2010 593 2088 §0
618 2009 678 2075 82.
717 2001 784 2072 Sed
813 2008 945 2096 cognita
969 2007 1037 2072 iarn
1066 2026 1181 2074 777777

112 2123 118 2128 “
136 2109 430 2204 perturbationum,
457 2130 540 2201 qnae
560 2128 675 2178 omnen
691 2110 836 2180 oriuntur
851 2131 896 2176 ex
909 2106 1038 2177 indiciis
1055 2114 1181 2199 opinio·
1244 2143 1247 2160 ·

138 2237 216 2288 num
231 2210 519 2305 77771777771177,
546 2213 590 2281 717
609 2213 676 2282 iam
699 2210 794 2282 huius
815 2213 1039 2302 disputationis
1055 2216 1180 2286 modun.
1211 2207 1217 2224 ’

138 2320 230 2392 Soita
253 2331 362 2390 autern
383 2317 767 2408 noaopartetoognitia,
793 2320 1047 2409 quoadpouannt
1060 2317 1101 2386 ab
1119 2318 1180 2384 ho·
1274 2375 1277 2386 .

54 2431 58 2436 ’
94 2415 96 2418 ’
138 2427 228 2496 tuine
251 2423 423 2510 eognosoi,
457 2413 615 2522 bonorum
638 2432 672 2486 at
684 2418 858 2494 ,malorum
885 2419 1024 2501 finibus,
1057 2411 1138 2488 nibil
1160 2445 1182 2489 7
1319 2437 1326 2452 ’

137 2525 357 2618 philosophia
368 2545 466 2614 poene
489 2537 545 2594 ant
556 2523 669 2590 maius
700 2537 756 2589 ant
784 2522 898 2606 utilius
928 2528 1050 2621 optari,
1083 2547 1182 2615 quant

140 2631 243 2754 17777,
268 2651 351 2732 7777
370 2649 391 2700 7
404 2624 499 2697 nubre
513 2624 576 2696 boo
590 2627 760 2718 quatriduo
772 2627 937 2720 disputata
951 2645 1034 2700 tunt.
1078 2645 1181 2704 777777
1299 2637 1307 2650 “

139 2737 229 2820 quim
252 2745 439 2826 oontempta
457 2743 490 2804 et
511 2726 624 2798 171777
647 2729 1221 2830 71777717717771777777117771-1
1298 2789 1300 2794 ,

38 2901 40 2911 ,
141 2860 215 2908 mna
231 2836 433 2916 sedationem
449 2833 678 2921 aegritudinist
698 2851 768 2925 9na
783 2833 907 2900 nullum
922 2836 1045 2902 homini
1062 2825 1203 2904 malum·

141 2945 249 3010 777177
265 2954 325 3014 est
372 2940 433 3005 7771
449 2939 536 3003 enim
549 2937 656 3006 omnin
669 2938 771 3006 771777
759 2936 985 3025 'perturbatio
1004 2945 1111 3030 gravis
1134 2953 1185 3008 777

141 3068 202 3120 neo
201 3043 355 3114 'multum
370 3043 478 3110 differt
496 3035 537 3106 ab
560 3037 719 3124 amantia3
741 3052 850 3106 tumen
870 3044 916 3110 177
938 3059 1085 3126 uetaret,
1111 3067 1185 3114 oum

143 3163 218 3216 sunt
240 3151 276 3214 in
298 3141 417 3236 7111777Ι
428 3140 670 3236 perturbatione
692 3155 749 3214 ant
769 3159 874 3210 metas
898 3161 954 3213 aut
968 3146 1113 3218 laetitiae
1129 3162 1185 3215 aut

144 3252 346 3341 cupiditatis,
370 3260 550 3344 oomrnotoa
570 3246 668 3312 modo
692 3260 725 3312 et
747 3248 952 3333 perturbatos
967 3253 1075 3323 117777
1099 3250 1185 3320 sole·
1292 3287 1295 3293 ,

147 3375 238 3428 77777
278 3367 312 3425 at
333 3375 410 3433 777,
446 3353 557 3441 77177
580 3351 774 3438 aegritudini
802 3351 1011 3438 dediderunt,
1038 3359 1187 3434 miseros,
1308 3349 1319 3420 .’

145 3459 314 3540 addictos,
341 3474 573 3538 aerumnosos,
593 3452 812 3524 calamitosos.
862 3464 894 3545 §-
914 3464 972 3528 83.
993 3457 1105 3545 177777
1120 3483 1186 3526 nan
1321 3481 1323 3486 ·

143 3565 277 3632 fortuito
298 3561 429 3641 1771777-
442 3555 583 3642 videtur,
604 3559 663 3658 771
679 3579 700 3623 7
717 3570 750 3624 77
765 3559 892 3629 7771777
910 3565 1129 3650 propositum,
1152 3579 1188 3630 nt

145 3666 322 3756 separatim
347 3664 388 3734 de
409 3659 612 3750 aegritudine
635 3674 668 3733 et
688 3662 739 3728 de·
754 3665 870 3733 7777717
893 3663 1188 3756 perturbationibus

147 3772 405 3858 disputarentur
428 3769 469 3852 in
480 3788 521 3838 ea
535 3778 584 3832 777
597 3767 684 3839 enim
699 3767 774 3837 1777
791 3771 993 3840 miseriarum
1011 3784 1043 3870 et
1058 3787 1163 3859 capnt.

238 3900 315 3986 ,sed
332 3889 370 3969 —et
391 3899 603 3990 aegritudinis
620 3911 656 3972 ot
675 3898 871 3993 reliquorum
887 3904 988 3973 animi
1003 3903 1191 3976 morborum
1272 3935 1280 3948 .

148 4001 436 4090 777777717771,
462 4005 569 4072 omnia
593 4001 768 4091 opinabilia
789 4020 862 4078 7777
884 4019 916 4072 77
930 4003 1133 4077 uoluntarios
1147 4031 1192 4074 aa

150 4133 248 4198 reque
276 4110 414 4203 7777171,
447 4105 534 4202 qnod
557 4105 603 4178 177
626 4120 748 4182 reoturu
773 4129 847 4178 7777
876 4097 1033 4178 videatur.
1093 4111 1191 4179 Hune

153 4231 313 4294 errorem,
348 4213 443 4303 77771
473 4209 615 4282 radicem
649 4207 811 4280 malorum
845 4216 1004 4292 omniunt,
1045 4216 1199 4302 stirpitus¹
