2804 4696
294 291 353 322 ”
431 279 896 380 mammaeae·
1010 320 1046 337 ι·
1124 252 1176 378 eo
1274 241 1276 250 ’

122 473 298 547 conturbat
326 456 421 564 quam
443 487 669 563 exspectatun
686 490 734 541 ct
753 476 853 542 maris
875 473 982 544 subita
1002 471 1178 564 tenrpcstas

123 586 229 672 quam
240 593 316 646 aute
331 581 481 669 provisa
478 592 578 647 terret
593 581 777 666 navigantis
795 579 1034 647 vehementius:
1060 593 1093 646 et
1109 585 1181 649 eius

124 673 219 780 modi
233 697 308 751 sunt
322 682 522 772 pleraque.¹
518 683 604 748 sed
619 705 691 751 cum
708 671 883 786 diligenter
898 706 959 750 uec
974 687 1177 772 opinatorem
1223 695 1247 736 ἰ

125 774 276 856 naturam
299 787 508 864 consideres,
528 783 611 852 uihil
628 781 717 852 aliud
737 790 901 874 reperias,
928 791 990 854 nisi
1006 792 1114 856 omnia
1132 793 1179 856 vi·
1252 781 1258 790 ⁸

125 893 200 958 deri
215 885 322 958 subite
338 892 482 964 ruaiora3
504 891 682 978 etquidem
705 887 748 955 oh
763 891 843 956 duas
856 912 1005 958 caussas:
1029 897 1179 979 primurn,

127 997 218 1085 quod
242 997 368 1082 quanta
386 997 452 1060 siut
476 1013 559 1082 quae
589 993 757 1076 accihut,
790 995 1018 1064 considerandi
1040 1002 1180 1084 spatium

126 1121 199 1188 non
219 1099 330 1166 datur·
350 1098 486 1178 deinde,
512 1118 585 1164 curu
610 1098 738 1166 videtur
754 1103 941 1184 praecaveri
962 1100 1129 1188 potuisse,
1151 1105 1180 1173 si

126 1201 313 1300 provisum
320 1216 424 1284 esset,
451 1203 546 1288 quasi
563 1199 665 1288 culpa
684 1213 882 1320 conuectum
899 1202 1025 1281 malum
1041 1210 1181 1296 aegritu·

128 1308 242 1374 dinem
257 1309 414 1372 acriorem
427 1306 515 1372 lacit
630 1347 632 1354 ,
1193 1369 1196 1378 ,

232 1413 263 1489 ς.
282 1415 341 1478 53.
372 1407 491 1486 Quod·
481 1421 529 1476 ιιι
541 1427 616 1477 esse
631 1409 703 1476 dres
712 1407 876 1476 declarat.
903 1432 986 1499 quae
1000 1413 1179 1500 procedens

128 1515 336 1601 itaruitiga‘t,
361 1525 397 1579 ut
414 1513 519 1580 isdem
534 1510 631 1580 malls
648 1511 855 1584 manentibus
875 1532 940 1580 non
959 1518 1056 1582 modo
1075 1517 1180 1584 lenia-

128 1635 186 1685 tur
198 1618 382 1706 aegritudo,
406 1617 511 1684 sedin
531 1615 695 1723 plerisque
710 1616 850 1684 tollatur.
890 1617 1181 1708 Karthaginienses

130 1720 228 1787 rnulti
242 1721 366 1814 Romae
388 1723 584 1796 servierunt3
608 1702 824 1800 Macedones,
850 1743 929 1810 rege
953 1721 1049 1790 Perse
1074 1743 1181 1812 capto

129 1825 201 1891 vidi
222 1827 318 1890 etiam
333 1827 368 1890 in
382 1823 621 1913 Peloponneso,
646 1845 836 1890 cumessam
853 1825 1061 1925 adolescens,
1083 1851 1180 1913 quos·
1293 1864 1296 1872 ·

130 1930 213 1994 dam
231 1927 429 1994 Corinthios.
477 1925 513 1994 hi
533 1941 683 2014 poterant
704 1949 818 1996 omues
844 1914 974 1996 eadem
981 1926 1039 1996 illa
1060 1929 1181 2052 deslu-

131 2031 313 2100 dromacha
332 2030 520 2120 deplorare:

344 2135 441 2204 llaec
465 2141 573 2204 omnia
585 2136 726 2203 esdr.

130 2240 230 2307 sed
218 2260 283 2305 ram
304 2239 556 2318 decantaverant
579 2239 731 2310 fortasse·
789 2259 829 2306 eu
853 2241 940 2306 euim
963 2254 1056 2307 crant
1083 2241 1182 2325 voltu,

124 2343 302 2425 oratioue,
327 2341 551 2431 omnireliquo
566 2353 704 2409 metuet
720 2356 825 2424 statu,
849 2336 885 2408 ut
901 2335 959 2412 eos
975 2343 1185 2433 Argivos'aut
1312 2379 1316 2388 ,

134 2447 311 2532 Sicyonios
331 2447 475 2516 dicares:
498 2449 670 2535 magisque
691 2469 745 2512 me
768 2461 937 2515 moverunt
960 2447 1107 2532 Corinthi
1128 2471 1184 2542 su·

132 2551 210 2623 bito
232 2552 404 2639 adspectas
423 2551 623 2640 parietinae,
649 2571 746 2640 quam
767 2553 857 2637 ipsos
877 2547 1080 2628 Corinthios3
1105 2573 1183 2641 quo-

132 2678 211 2726 rum
225 2657 343 2724 animis
357 2657 506 2722 diuturna
518 2656 673 2742 cogitatio
683 2654 801 2720 callum
816 2657 984 2750 vetustatis
993 2647 1195 2726 obduratas·
1280 2645 1282 2650 ⁸
1306 2651 1308 2656 ¹

242 2764 273 2840 ἦ.
294 2762 356 2827 54.
413 2759 570 2846 Legimus
599 2757 716 2824 lihrurn
750 2756 966 2837 Clitomachi,
1001 2777 1094 2846 quern
1126 2758 1209 2826 ille¹

136 2882 257 2930 eversa
276 2861 479 2950 Karthagine
512 2862 600 2928 misit
623 2859 813 2928 consolandi
835 2883 954 2928 caussa
975 2862 1016 2927 ad
1040 2865 1187 2948 captivos
1277 2949 1280 2954 Ι
1331 2859 1334 2864 ’

137 2967 223 3034 ciris
242 2986 336 3035 suos:
358 2962 394 3034 i'n
411 2989 451 3032 eo
473 2977 522 3031 cst
538 2963 714 3052 dispptatio
730 2967 850 3052 scripta
864 2951 1062 3045 Carneadis,
1089 2988 1187 3054 quam
1237 2995 1238 3006 ι

138 3091 181 3137 se
198 3074 244 3135 ait
258 3074 293 3136 iu
310 3071 575 3139 commentarium
589 3067 749 3136 retulisse.
780 3091 853 3135 curn
869 3072 915 3136 ita
929 3072 1069 3155 positum
1086 3075 1187 3148 esset,

138 3175 247 3242 videri
267 3176 340 3243 lore
354 3175 389 3239 iu
412 3172 613 3262 aegritudine
627 3175 824 3262 sapientem,
843 3175 952 3260 patria
967 3185 1078 3262 captat
1103 3197 1186 3264 quae
1310 3197 1312 3205 ’

138 3255 330 3345 Carneades
345 3291 457 3346 contra
472 3279 617 3356 dixerit,
625 3279 746 3364 scripta
761 3289 845 3344 suut.
894 3273 1029 3344 'lauta'
1019 3279 1119 3366 agitur
1134 3298 1189 3343 ca-

136 3385 301 3451 lumitatis
325 3384 526 3468 praesentis
536 3377 705 3447 adhibetur
733 3401 754 3445 a
784 3378 981 3468 philosopho
1012 3381 1186 3463 medicina,
1251 3369 1255 3398 ²

139 3489 311 3578 quautain
324 3488 556 3552 inveterataue
573 3476 772 3551 desideratur
793 3483 939 3572 quidem.
966 3503 1045 3567 nec,
1074 3487 1103 3550 si
1126 3481 1187 3552 ali·¹

141 3592 328 3680 quotannis
342 3586 683 3677 postidemilleliber
700 3587 838 3676 captivis
857 3589 976 3656 missus
992 3602 1097 3666 esset,
1117 3582 1284 3654 vol-1

109 3717 115 3724 ’
139 3692 279 3762 acubus
288 3694 486 3772 mederetur,
507 3694 566 3759 sed
580 3689 792 3761 cicatricibus.
842 3695 963 3758 sensim
979 3692 1064 3756 enim
1083 3704 1116 3758 et
1130 3713 1187 3782 pe·

140 3801 332 3885 detemptim
346 3797 556 3886 progrediens
564 3804 757 3864 extenuatur
770 3791 881 3863 dolor:
894 3815 960 3862 nou
972 3811 1036 3884 quo
1049 3796 1123 3883 ipsa
1132 3815 1188 3861 res

139 3903 308 3969 immutari
327 3900 434 3968 soleat
455 3914 509 3968 aut
529 3902 648 3986 possin
672 3900 733 3978 sed
748 3900 801 3982 id,
825 3899 1005 3988 quadratio
1021 3897 1188 3977 debuerat,
1258 3961 1263 3974 ,

140 4015 224 4084 usus
238 4007 350 4086 docet,
376 4006 504 4072 minora
516 4025 590 4088 esse
606 4025 665 4088 ea,
691 4021 774 4091 quae
788 4006 854 4093 sint
869 4001 939 4068 visa
954 4003 1091 4070 maiora.
1306 4063 1310 4072 .

244 4107 323 4176 cn.
347 4103 490 4174 xxuu
510 4112 542 4192 §a
570 4110 629 4173 55.
685 4103 773 4184 Quid
796 4123 876 4194 erge
900 4125 982 4194 opus
1008 4099 1076 4184 ert,
1101 4105 1188 4170 dicet

141 4214 281 4305 aliquis,
306 4214 433 4280 ratione
449 4211 649 4302 autflomuino
666 4207 891 4276 consolatione
909 4208 1000 4291 ulla,
1024 4229 1086 4296 qua
1102 4205 1190 4274 sole·

139 4339 219 4388 mus
231 4318 289 4398 uti,
310 4332 383 4386 cum
397 4309 511 4392 levare
529 4313 673 4388 dolerem
689 4307 1084 4383 maerentium'rolumuri
1105 4311 1194 4380 haec·
