2804 4696
202 311 254 380 9ι
355 301 1060 387 ruscunntsruun'rlonum

173 521 180 538 ι
200 493 308 556 aerari
324 507 398 554 aare
415 485 516 565 dices.
569 485 599 565 ι.
614 488 679 552 49
699 477 811 572 Negat
822 481 980 580 Epicurus
994 482 1131 549 ineundo
1146 445 1251 586 poree

200 593 267 657 vivi
281 591 344 656 nisi
367 611 440 659 cnm
463 591 578 655 virtute
601 590 745 686 vivatur:
772 603 871 676 negat
888 583 1023 653 ullam
1012 609 1047 652 in
1064 589 1256 675 eapientem.

201 697 266 762 vim
284 717 355 761 ease
369 690 536 758 fortunae.
563 679 692 760 tenuent
708 693 826 758 victum
843 705 918 758 ante
936 691 1000 759 lert
1014 695 1167 780 copioso:
1187 711 1250 758 ue·
1287 757 1293 765 ‚

200 800 259 895 gat
285 794 385 863 ullum
411 815 486 862 esee
517 810 664 884 tempus,
690 817 754 884 quo
788 797 920 882 eapiena
953 815 1019 860 non
1049 793 1166 870 beatae
1192 795 1248 861 ait.

203 901 325 968 Omnia
342 897 541 988 philosopho
556 901 671 990 digna,
696 899 754 965 aed
777 921 848 968 curn
873 897 1038 985 voluptate
1055 901 1249 986 pugnantia.

123 1008 126 1028 ¹
201 1043 253 1059 -
275 1001 350 1070 Non
377 1007 475 1074 iatam
496 1003 574 1070 dicit
593 1001 802 1091 voluptatem.
822 1041 889 1072 ,--
909 993 1022 1069 Ιιιίιιι
1042 1000 1249 1090 quemlubett
1304 1071 1313 1080 ,

202 1107 321 1195 nempe
344 1128 417 1174 aem
434 1108 531 1187 dicit,
550 1109 585 1174 in
601 1130 665 1196 qua
678 1109 807 1173 virtutis
821 1101 913 1172 nulla
928 1127 1007 1196 pare
1022 1108 1108 1174 inuit.
1160 1105 1248 1195 Age,

203 1215 232 1280 ai
256 1210 456 1311 voluptatem
484 1233 549 1277 non
574 1209 814 1302 intellegimus.
854 1232 896 1278 ne
922 1209 1068 1298 dolorem
1095 1209 1250 1318 quidam?

203 1339 289 1406 nego
302 1319 403 1404 igitur
417 1315 487 1381 eiua
499 1337 593 1397 ease,
619 1337 675 1403 qur
663 1313 803 1392 dolore
819 1334 979 1386 summum
993 1313 1117 1436 malum
1131 1311 1249 1382 metia-

202 1435 273 1504 tur,
299 1423 494 1486 mentionem
509 1418 621 1486 lacere
635 1419 790 1510 ιιιιιιιιι.Ι

207 1570 211 1578 ,
306 1521 386 1588 cn».
404 1519 499 1589 XXI.
526 1523 635 1602 ι.50.
684 1521 727 1588 Et
748 1535 925 1610 quieruntor
942 1522 1071 1611 quidem
1085 1519 1249 1610 Epicurei,

203 1628 538 1713 virioptumi-nam
547 1623 673 1693 nullom
683 1646 786 1713 genua
798 1639 849 1694 eat
863 1627 969 1694 minua
981 1623 1249 1703 malitiosum-,

203 1753 256 1798 me
272 1731 417 1796 studiose
432 1730 540 1796 dicere
554 1747 667 1796 eontra
679 1729 863 1834 Epicurum.
888 1729 940 1796 Ita
955 1731 1050 1798 oredo
1067 1731 1107 1797 de
1122 1729 1249 1795 honore

203 1847 259 1900 ant
278 1833 319 1898 da
343 1833 502 1934 dignitate
517 1835 750 1900 contendimus.
784 1829 880 1900 mihi
901 1855 1061 1902 nummum
1077 1837 1112 1899 in
1136 1829 1249 1900 animo

201 1933 322 2006 bonurn
346 1927 488 2016 videtur,
516 1937 567 2004 illi
582 1952 695 2005 autem
716 1939 751 2002 in
774 1957 928 2024 corpore:
960 1937 1092 2002 mihim
1120 1939 1248 2018 virtute,

141 2076 144 2094 ι
203 2041 309 2109 illiin
333 2039 508 2132 voluptate.
559 2021 663 2108 atilli
684 2056 847 2136 pugnant3
875 2043 1050 2138 etquidem
1068 2043 1250 2108 vicinorum

202 2145 303 2212 fidem
326 2143 520 2232 implorant:
547 2142 648 2211 multi
672 2157 779 2210 autem
804 2158 895 2224 sunt,
918 2146 973 2232 qni
996 2148 1105 2211 rtatim
1128 2167 1249 2211 convo-

19 2321 21 2329 !
92 2251 111 2268 ”
202 2249 280 2333 ιιιιι.
322 2271 396 2340 'ego
419 2269 489 2314 aum
513 2249 559 2328 is,
581 2251 636 2338 qui
658 2250 763 2328 dicam
785 2267 838 2316 me
860 2269 927 2314 non
946 2247 1114 2327 laborare,
1140 2258 1249 2323 actum
1335 2241 1340 2256 '

84 2411 87 2422 .
157 2442 161 2452 Ι
204 2351 387 2420 habitururn
410 2351 495 2439 quod
519 2355 653 2442 egerint.
713 2355 744 2430 ι.
769 2355 828 2417 51.
848 2349 939 2429 'Quid
965 2351 1072 2432 enimi
1099 2355 1139 2436 dc
1158 2348 1248 2418 bello

204 2457 327 2522 Punico
352 2455 477 2542 agitari
499 2459 539 2520 de
565 2477 627 2560 quo
647 2460 720 2542 ipso
739 2479 810 2521 cum
833 2453 922 2521 aliu'd
937 2455 984 2522 M.
1001 2453 1165 2540 Catoni,
1158 2454 1251 2521 aliud

194 2555 246 2636 1L.
262 2557 403 2626 Lentule
419 2559 590 2642 videretur,
613 2545 728 2625 nulla
719 2574 803 2626 tuter
816 2579 874 2626 eoa
888 2561 1083 2626 concertatio
1097 2581 1251 2646 umquam

206 2665 279 2729 fuit.
329 2661 364 2726 hi
384 2663 483 2728 nimis
505 2664 660 2729 iracunde
683 2677 801 2751 agunt,
834 2668 1023 2751 praesertim
1037 2673 1116 2732 cuin
1139 2661 1226 2733 ab‘'
1203 2685 1249 2728 ns
1321 2663 1325 2672 ⁴

78 2751 81 2758 Α
147 2810 152 2820 .
206 2787 272 2832 non
289 2755 370 2830 eane
390 2765 538 2832 auimoaa
553 2766 751 2836 delendato‘r
772 2769 949 2845 cocleatim
967 2790 1026 2855 pro
1050 2789 1114 2853 qua
1130 2788 1197 2854 pon
1213 2768 1250 2830 in

36 2933 57 2970 ⁵,
122 2957 124 2966 .
208 2884 342 2950 senatu,
368 2891 434 2940 non
456 2871 491 2936 in
514 2873 687 2952 concione,
720 2891 786 2938 non
811 2873 898 2964 apud
919 2873 1117 2960 exercitum,
1143 2869 1252 2957 nequ'e

94 3700 96 3710 '
206 3701 360 3786 sinant·

206 2972 248 3038 ad
272 2991 422 3040 censores
444 2973 550 3040 dicere
573 2975 722 3041 audeant.
775 2973 832 3040 aed
856 2997 927 3040 cum
944 2977 1018 3042 istis
1036 2973 1135 3041 aliae:
1161 2987 1193 3040 et
1209 2995 1252 3038 eo

206 3076 336 3163 quidem
357 3077 499 3158 ammo,
528 3074 651 3144 nullum
676 3091 711 3142 ιιι
737 3089 900 3144 certamen
923 3081 1107 3154 instituam,
1136 3099 1253 3144 verum

169 3173 174 3184 ’
206 3177 385 3246 dicentibus
399 3177 498 3246 facile
514 3183 638 3247 cedam.
686 3166 810 3246 ιιιιίιιιιι
827 3181 1024 3248 admonebo:
1048 3185 1077 3247 si
1095 3201 1253 3246 maxume
1284 3242 1286 3250 ,

98 3271 102 3288 ’
206 3305 320 3352 verum
337 3286 400 3365 sit,
426 3283 468 3349 ad
484 3273 600 3372 corpus
616 3287 726 3350 omnia
740 3286 860 3353 referre
875 3289 1073 3371 sapientem,
1100 3287 1188 3368 aive,
1214 3299 1255 3350 ut

206 3383 376 3468 honestius
401 3387 522 3466 dicam,
556 3383 636 3456 nihil
662 3389 771 3456 iacere
796 3390 861 3456 niai
887 3391 972 3476 quod
997 3387 1151 3475 expediat
1178 3391 1255 3454 aive

205 3475 319 3558 omnia
341 3491 463 3556 referre
487 3492 529 3557 ad
552 3493 723 3559 utilitatem
743 3501 858 3568 'arram3
878 3495 1032 3584 qnoniam
1054 3492 1137 3558 haec
1155 3491 1255 3579 plan-

206 3593 317 3662 aibilia
336 3616 403 3698 non
417 3607 510 3676 sunt,
536 3608 574 3666 ut
583 3595 618 3664 in
635 3597 709 3661 aion
724 3597 906 3688 gaudeant,
927 3595 1068 3688 gloriose
1082 3596 1172 3686 loqui
1193 3597 1255 3663 de-

104 3863 107 3874 ,
309 3799 389 3870 Cor.
403 3799 517 3870 XXII.
542 3803 641 3880 §.52
694 3797 943 3888 Cyrenaicorum
957 3803 1253 3870 restatsententia:

101 3967 102 3976 ,
206 3906 261 3994 qni
284 3920 352 3971 tum
372 3907 606 3994 aegritudinem
632 3919 765 3972 censent
787 3899 967 3994 ex‘siatere,
994 3912 1023 3974 ai
1039 3927 1098 3974 neo
1115 3909 1254 3994 opinato

116 4085 120 4103 .
205 3999 281 4096 qnid
304 4011 458 4074 evenerit.
511 4009 613 4076 estid
637 3989 764 4096 quidem
787 4029 958 4098 magnum,
980 4023 1018 4078 ut
1037 4033 1137 4100 anprn
1159 4010 1267 4088 dixit,

206 4115 302 4179 etiam
321 4107 504 4200 Chrysippo
520 4113 681 4180 itavideri
701 4115 786 4194 scio.
810 4117 893 4201 qnod
910 4119 1073 4202 prouisum
1086 4103 1164 4179 ¹ante
1184 4135 1254 4179 non
1322 4115 1331 4124 “

204 4217 264 4299 rit,
290 4217 324 4282 id
343 4217 447 4282 lieri
471 4213 711 4285 vehementius:
740 4217 797 4284 aad
816 4205 972 4286 nonaunt
992 4222 1027 4284 in
1044 4217 1107 4283 hoc
1129 4217 1251 4282 omnio.

203 4339 398 4409 quamquam
432 4319 573 4391 hottiutn
602 4338 718 4411 repens
750 4323 906 4390 adventat
938 4317 1047 4414 nragda
1082 4318 1254 4410 aliquanto
