2776 4692
319 227 322 234 ⁴
366 225 371 235 ’
418 247 851 350 ιιιιιιιν,«25.26.
926 285 953 364 g
1003 291 1007 300 ·
1080 264 1159 336 129

121 429 200 518 aaut
211 454 303 524 quae
322 429 494 523 profertis,
514 433 627 502 sedata
646 446 757 502 tamen
776 448 809 502 ιι
828 435 1002 526 tranquille
1017 461 1089 508 esse
1105 417 1176 510 ιιι-ἶ

118 535 209 603 bont.
260 533 346 605 Iam
358 538 594 625 aegritudinem
624 537 769 604 laudaro
784 561 883 606 unam
906 563 977 610 rem
1005 559 1175 612 maxume
1301 557 1307 566 '
1362 563 1372 577 ·‘

119 637 349 728 detestabilem
375 662 522 730 quorum
545 654 597 708 est
627 642 773 709 tandem
770 642 1083 774 pbilosophorumi
1116 648 1162 716 At

118 721 393 810 commodedixit
406 741 608 812 Afranius:-
704 757 705 764 ’

184 941 186 946 ,
222 861 310 931 Dum
328 866 423 932 modo
443 866 710 954 uoteetetsqotd,
734 867 1033 952 doleutqoo'dludet.
1148 871 1172 904 ·’

117 969 225 1052 Dixit.
236 987 323 1050 enim
338 985 379 1050 de
393 977 738 1080 adoler‘centeperdito
762 1009 801 1052 ac
823 975 1003 1053 dissoluto:
1028 1009 1089 1055 nos
1105 996 1161 1058 an·

115 1100 187 1152 torn
198 1087 244 1152 'de
258 1091 418 1155 constanti
433 1090 504 1155 viro
522 1110 561 1155 ac
576 1091 715 1175 sapienti
729 1090 923 1176 quaerimus.
976 1089 1018 1156 Et
1032 1095 1161 1179 quidem

118 1191 228 1277 ipsam
246 1189 338 1257 illam
353 1193 435 1278 iram
453 1187 597 1258 centurio
610 1189 729 1257 habeat
743 1204 800 1287 aut
814 1195 950 1280 signifer
968 1193 1022 1260 vel
1046 1201 1159 1262 ceteri:
1271 1265 1293 1282 ,,

120 1291 301 1386 dequibus
322 1297 388 1361 dici
410 1317 476 1362 noa
498 1315 632 1360 necesse
654 1309 719 1376 est,
741 1293 958 1363 nerhetornm
976 1302 1161 1382 aperiamus

119 1399 284 1482 mysteria.
334 1389 422 1466 Utile
437 1412 485 1465 est
501 1401 586 1473 enim
601 1399 647 1464 uti
661 1412 753 1464 motu
765 1401 882 1482 animi,
908 1402 963 1487 qui
976 1405 1022 1466 uti
1035 1405 1162 1468 ratione

119 1519 188 1566 non
204 1513 327 1588 potest:
354 1523 416 1569 nos
432 1489 557 1584 autem,
579 1515 615 1568 nt
637 1499 792 1568 testificor
812 1523 930 1589 saepe,
953 1503 993 1575 de
1015 1508 1162 1594 sapiente
1225 1505 1229 1518 '

120 1605 316 1694 quaerimus.
386 1668 390 1676 .

226 1772 305 1842 cir.
326 1767 455 1842 XXVI.
469 1772 507 1854 d.
526 1772 588 1841 ta*
622 1770 667 1839 At
693 1772 790 1842 etiam
816 1769 973 1844 aemulari
993 1771 1074 1854 utile
1100 1787 1162 1862 est,
1227 1853 1232 1865 ι

122 1865 319 1959 obtrectare,
344 1879 501 1972 misereri.
551 1875 617 1943 Cur
630 1879 806 1945 misereare
817 1884 943 1964 potius,
965 1877 1059 1967 quam
1072 1885 1162 1948 feras
1198 1929 1201 1936 -

122 2003 238 2074 opem,
265 1984 296 2048 si
313 1982 347 2047 id
364 1984 472 2048 iacere
488 1979 620 2066 ‚possisi
646 1997 690 2046 an
713 1983 784 2047 sine
804 1985 1026 2052 misericordia
1039 1977 1160 2050 libera·
1245 1987 1251 2006 ‘

118 2083 173 2150 ies
190 2105 263 2150 esse
277 2105 344 2151 non
357 2083 551 2172 possumusi
575 2103 641 2148 non
662 2086 748 2154 enim
766 2087 930 2175 suscipere
945 2083 1013 2173 ipsi
1023 2090 1162 2175 aegritu·

120 2189 216 2254 diues
236 2209 368 2290 propter
391 2186 476 2254 alios
496 2185 669 2263 debemus3
703 2188 762 2253 sed
785 2187 890 2272 alies,
918 2193 947 2256 si
972 2201 1182 2275 possumus„

117 2281 232 2360 levare
250 2293 458 2394 aegritudine.
494 2287 682 2358 Obtrectare
699 2307 776 2356 vero
788 2290 882 2358 alteri
896 2310 952 2358 aut
968 2293 1028 2360 illa
1041 2295 1161 2361 vitiosa
1193 2327 1196 2344 ·
1224 2329 1231 2338 ·

122 2395 361 2472 aemulatione,
387 2415 469 2496 qnae
487 2393 644 2460 rivalitati
657 2393 773 2460 similis
792 2408 859 2473 est,
886 2395 1060 2482 aemulari,
1084 2397 1162 2484 quid

88 2549 92 2557 .
121 2498 222 2564 habet
245 2499 414 2566 utilitatis?
447 2520 542 2586 quom
561 2499 603 2564 sit
625 2495 816 2564 aemulantis
837 2502 915 2585 engi
933 2497 1041 2566 alienu
1059 2498 1163 2582 bono,'
1242 2513 1246 2520 ·

123 2603 300 2691 qdod-ipse
321 2624 386 2668 non
407 2599 542 2677 habeat3
583 2593 793 2668 obtrectantis
823 2615 931 2667 autem
954 2605 1031 2691 angi
1051 2602 1160 2668 alieno

124 2698 230 2787 beno,
258 2689 341 2794 quod
366 2705 401 2770 id
423 2707 520 2768 etiam
548 2702 633 2768 alins
657 2703 792 2770 habeatt
826 2701 903 2791 quis
918 2705 953 2770 id
979 2704 1162 2792 approbare

123 2811 244 2904 pessit,
266 2807 499 2896 aegritudinem
525 2806 689 2892 suscipere
704 2825 763 2892 pro
787 2805 1007 2892 experientia,
1034 2807 1162 2894 siquid
1215 2797 1216 2804 ἵ

122 2912 246 2980 habere
259 2910 363 2985 relisi
385 2933 460 2976 narn
474 2907 581 2975 solum
596 2906 717 2974 habere
742 2907 827 2976 velle
848 2923 975 2976 summa
996 2911 1161 2978 dementis

124 3031 186 3086 ιιι
234 3025 266 3100 §-
285 3019 344 3082 57
370 3013 612 3081 Mediocritates
631 3025 736 3078 antem
759 3010 917 3078 malorum
941 3016 1010 3099 quis
1025 3011 1159 3080 laudare

123 3134 211 3187 recte
224 3117 346 3206 possiti
371 3119 441 3206 quis
456 3117 542 3182 enim
556 3129 680 3202 potest,
706 3118 741 3179 in
758 3135 820 3220 qno
835 3114 946 3179 lubido
964 3119 1165 3237 cupiditasve

125 3225 187 3301 ιίι,
201 3241 276 3288 non
297 3220 500 3288 lubidinosus
522 3231 555 3283 et
572 3218 706 3316 cupidus
730 3217 867 3285 assei
857 3239 891 3281 ιιι
918 3235 979 3305 quo
1001 3220 1069 3297 ira,
1092 3241 1163 3285 non
1221 3203 1241 3232 ³

124 3324 370 3392 iracundusi
360 3347 394 3388 m
421 3343 482 3411 quo
506 3343 626 3408 angor,
655 3343 720 3384 ιιοιι
742 3320 923 3386 anxiusi'
912 3342 948 3385 ιιι
963 3341 1030 3408 'quo
1053 3325 1159 3401 timor,

124 3449 189 3495 ιιοιι
204 3419 357 3494 timidusi
377 3425 595 3492 lubidinosnm
616 3423 714 3511 igitur
730 3437 764 3488 ιι
776 3423 964 3489 iracundum
982 3438 1013 3490 et
1028 3425 1159 3489 anxium
1217 3413 1218 3426 ¹

125 3545 159 3598 et
171 3531 316 3597 timidum
330 3550 500 3596 censemus
515 3548 589 3593 esso
602 3517 799 3613 sapientemi
830 3526 871 3593 de
888 3527 976 3592 cuius
992 3523 1160 3600 exoellen

124 3638 172 3724 tia
186 3633 289 3712 multa
305 3635 432 3720 quidem
450 3629 513 3697 dici
527 3632 670 3719 quamvis
685 3630 758 3694 inse
777 3623 907 3717 lateque
930 3631 1074 3714 possint,
1101 3612 1159 3696 sed

38 3740 40 3746 ’
122 3737 324 3810 brevissume
344 3732 415 3802 illo
416 3735 539 3812 modu,
558 3730 749 3819 sapientiam
768 3753 841 3798 esse
856 3747 962 3797 rerum
978 3733 1159 3799 divinarum

29 3913 32 3918 ,
123 3855 158 3908 et
173 3839 386 3909 humanarum
401 3837 568 3906 scientiam
583 3836 878 3926 cognitionemque,
895 3853 989 3920 quae
1008 3833 1158 3924 cuiusque

121 3947 175 4017 rei
191 3966 308 4011 caussa
320 3945 374 4008 sit.
421 3963 466 4008 ex
481 3960 545 4028 quo
560 3938 722 4020 efficitur,
731 3909 769 4003 'dt
789 3939 899 4004 diviua
918 3938 1075 4021 imitetur,
1096 3939 1159 4006 &bn

122 4067 225 4116 mana
247 4048 357 4113 omnia
371 4043 528 4142 inferiore
546 4044 660 4108 virtute
683 4044 794 4124 ducat
837 4039 876 4106 In
896 4035 981 4108 hanc
998 4037 1159 4140 tetigitur,
1211 4111 1212 4114 ι

88 4231 93 4236 ,
121 4155 293 4238 tamqnam
309 4144 344 4215 in
357 4137 465 4230 mare,
489 4144 572 4235 qnod
589 4158 639 4210 est
653 4146 761 4211 ventis
774 4139 968 4222 subiectum,
992 4129 1159 4231 perturba·

123 4255 250 4322 donem
268 4253 383 4343 cadere
396 4249 469 4337 tibj
471 4248 585 4350 dixisti
598 4245 720 4367 riderii
753 4247 918 4340 quidest,
928 4245 1018 4348 qued
1034 4239 1159 4332 tautam

803 4438 805 4441 ,
920 4381 942 4446 0
994 4425 999 4433 ,
